3575 5334
680 727 714 802 de
731 726 813 794 alphu
829 725 971 780 intensive.
1344 722 1386 784 59

262 904 372 963 cuntur
394 898 504 962 statim
527 895 673 962 tollenda
696 916 767 963 esse
788 895 880 962 vides
906 906 993 960 cetur
1019 902 1051 961 et
1072 897 1232 960 oeternum
1253 917 1385 979 quorum

263 993 342 1059 illud
364 994 506 1078 simplex
529 994 570 1059 sit
592 993 642 1069 (cf.
666 1003 842 1072 uetus-tun,
867 995 921 1060 Gr.
944 991 1053 1072 fetos,
1077 992 1174 1074 ἔτος),
1198 996 1259 1060 heo
1280 994 1387 1060 adhuc

262 1100 348 1157 oertu
377 1099 486 1157 careat
516 1092 741 1175 explicatione.
785 1092 850 1156 Alii
879 1092 964 1157 enirn
992 1098 1027 1155 ut
1052 1092 1184 1157 Pottius·
1201 1098 1233 1157 et
1261 1091 1386 1157 Curtius

263 1189 423 1252 uehemens
445 1210 466 1255 a
491 1189 631 1267 vehendi
658 1189 756 1255 verbo
786 1196 817 1253 et
845 1210 865 1253 a
893 1188 1006 1254 suffixo
1029 1198 1115 1250 munt
1142 1190 1298 1271 derivant,
1327 1188 1386 1256 sed

262 1287 322 1351 hoc
344 1283 492 1351 suffixum
515 1286 603 1351 etin
625 1287 699 1351 aliis
722 1285 887 1350 vocabulis
909 1285 1133 1351 secundarium
1155 1306 1215 1352 nec
1236 1286 1384 1351 Latinum
1408 1318 1410 1322 v

263 1390 325 1463 est,
359 1382 416 1447 alii
448 1389 484 1447 ut
511 1383 644 1449 Ebelius
679 1390 710 1450 et
738 1383 845 1448 Ascoli
880 1383 922 1447 ad
954 1383 1223 1466 praepositionem
1257 1384 1384 1450 Sansor.

260 1480 349 1543 culto
369 1480 392 1543 i.
415 1500 442 1545 e.
467 1485 549 1557 „ox“
572 1487 604 1545 et
624 1502 709 1543 meuc
731 1480 917 1562 confugiunt
937 1488 972 1544 nt
994 1482 1035 1545 sit
1051 1500 1182 1547 exmens
1205 1482 1256 1558 (cf.
1280 1483 1384 1563 exlex,

261 1580 431 1661 egregius),
460 1578 517 1643 scd
544 1576 620 1659 quid
643 1578 685 1643 de
708 1577 767 1642 hac
788 1578 1026 1661 praepositione
1043 1578 1254 1660 judicandum
1276 1579 1319 1644 sit
1339 1578 1386 1642 in-

260 1676 309 1740 fra
344 1674 535 1740 videbimus.
591 1675 680 1739 Nihil
716 1674 851 1759 profecit
888 1675 1084 1740 Ribbeckius
1120 1677 1174 1758 qui
1206 1676 1386 1739 culturarum

259 1772 484 1854 primigeniam
518 1772 681 1855 participii
712 1772 847 1837 formam
879 1772 978 1838 fuisse
1013 1779 1122 1839 censet
1159 1772 1246 1838 unde
1277 1772 1385 1837 nescio

259 1889 324 1951 qua
345 1868 402 1933 via
422 1867 465 1933 ad
496 1870 627 1950 stirpem
650 1868 822 1931 cekcmcuti
841 1869 1004 1952 perveniri
1025 1871 1136 1953 possit.
1182 1870 1228 1936 et.
1251 1869 1383 1950 Pottins,

263 1972 388 2047 quaest.
413 1971 454 2030 et.
477 1968 515 2030 12
537 1970 598 2030 720
614 1985 661 2047 sq.

353 2062 538 2124 Vestibulum
578 2063 739 2128 intensiva
773 2063 904 2128 notione
945 2062 1120 2145 particulae
1162 2083 1198 2126 vc
1234 2056 1386 2128 concessa

257 2160 390 2224 omnino
419 2160 565 2241 intellegi
594 2161 720 2241 nequit,
751 2161 812 2225 nisi
842 2161 892 2225 cui
922 2159 1004 2224 forte
1030 2159 1164 2242 Sulpicii
1187 2160 1384 2242 Apollinaris

258 2264 475 2323 commentum
497 2260 613 2339 placet.

354 2356 479 2431 Vescuc,
513 2361 547 2418 ut
575 2356 617 2419 sit
637 2375 695 2438 pro
717 2374 856 2417 oc-cscus
878 2351 928 2429 (cf.
956 2352 1053 2417 ctiam
1075 2352 1216 2433 Philarg.
1240 2358 1272 2417 et
1294 2351 1385 2417 Serv.

256 2452 301 2516 ad
326 2451 421 2533 Verg.
445 2452 560 2533 Georg.
583 2452 633 2515 111
658 2454 746 2532 175),
773 2449 947 2515 secundum
970 2450 1182 2514 Ribbeckium
1204 2449 1256 2513 vel
1279 2450 1384 2513 activo

256 2549 311 2614 vel
340 2548 470 2631 passivo
495 2568 591 2613 sensu
612 2554 798 2630 usurpatur:
836 2546 954 2611 rodens
977 2554 1009 2612 ct
1032 2546 1179 2627 der-osus,
1209 2546 1333 2626 uopeud
1353 2554 1385 2612 et

257 2646 416 2727 abpucupt
447 2646 573 2717 (melius
604 2644 801 2727 ueruopcud
822 2651 853 2709 et
873 2654 1028 2726 zeruupt
1048 2645 1113 2709 vid.
1136 2644 1242 2718 inira).
1291 2643 1385 2722 Quod

256 2743 284 2807 si
309 2743 356 2807 ita
378 2760 414 2807 se
435 2742 542 2824 habet,
565 2742 684 2825 injuria
706 2741 866 2824 Sulpicius
881 2742 1079 2822 Apollinaris
1101 2742 1195 2806 aliter
1217 2742 1280 2821 legi
1299 2739 1385 2823 apud

256 2838 441 2904 Lucretium
457 2838 580 2904 censuit
595 2847 690 2921 atque
705 2838 791 2920 apud
807 2839 973 2919 Lucilium,
994 2858 1065 2902 curn
1083 2838 1168 2921 apud
1183 2837 1275 2902 illum
1290 2838 1305 2901 l
1322 2841 1385 2902 326

255 2956 348 2999 cccco
365 2937 433 2999 sale
446 2957 528 2999 suco
547 2956 661 3019 pereso
684 2955 813 3001 sensum
836 2935 970 3001 hebeat:
994 2935 1044 2997 die
1061 2934 1217 3019 Suizstuth
1235 2935 1386 3016 zcrsrtsst

257 3035 400 3115 lunpaam
423 3032 481 3095 deu
503 3034 620 3097 Fclruu.
665 3031 760 3115 Apud
789 3033 889 3103 Lucil.
911 3039 1021 3097 contra
1042 3032 1080 3095 fr.
1102 3032 1181 3095 XVI
1205 3035 1244 3094 29
1274 3032 1384 3097 Muell.

367 3195 389 3203 -
407 3185 429 3210 o
447 3196 468 3204 -
485 3185 506 3211 o
534 3171 626 3234 quum
645 3150 852 3232 fastidiosum
875 3171 913 3211 uo
934 3169 1083 3210 cescum
1106 3150 1210 3209 uicere

256 3270 350 3351 Sulp.
367 3269 474 3351 Apoll.
499 3288 590 3346 „curn
604 3268 734 3333 fastidio
753 3266 893 3332 edendi“
909 3266 1050 3348 explicat
1072 3272 1103 3331 ct
1124 3264 1213 3329 Paul.
1231 3284 1281 3348 ep.
1297 3266 1384 3331 Fest.

257 3367 322 3431 368
338 3365 380 3430 M.
396 3363 602 3442 „fastidiosus
610 3368 632 3426 “.
663 3365 761 3430 Recte
777 3370 925 3444 uterque,
949 3382 1024 3427 nam
1045 3362 1097 3445 qui
1120 3362 1182 3427 cibi
1197 3362 1326 3427 fastidio
1341 3370 1386 3428 te·

256 3468 353 3527 netur
367 3467 464 3527 vacat
478 3460 596 3549 edendi
611 3461 796 3544 cupiditate.
827 3458 874 3524 Gi.
897 3460 980 3524 Non.
999 3462 1069 3540 186,
1093 3465 1142 3542 34,
1166 3460 1267 3524 Labb.
1286 3462 1386 3543 gloss.

256 3579 374 3625 veseus
404 3554 609 3642 ὀλιγόσιτος,
640 3554 814 3643 ὄλιγοόεής
844 3564 875 3622 et
902 3554 1104 3642 προςκορής.
1149 3556 1244 3637 Verg.
1269 3560 1384 3641 Georg.

257 3655 303 3719 IV
331 3658 388 3719 131
424 3675 544 3716 vescum
569 3676 711 3740 papauer
739 3654 849 3718 dubito
878 3676 954 3718 num
985 3654 1089 3718 active
1111 3673 1182 3718 cum
1204 3655 1383 3721 Ribbeokio

255 3750 451 3817 vertendum
473 3752 529 3816 sit:
547 3752 738 3836 srccscudcr
752 3750 936 3835 Psoffer(?),
959 3750 1056 3814 immo
1076 3752 1204 3833 passive
1227 3752 1386 3835 significat

256 3850 412 3930 obesum,
435 3848 571 3931 gracile,
595 3850 689 3914 exile.
733 3848 826 3912 Hunc
848 3868 976 3913 sensum
999 3847 1097 3912 habet
1118 3849 1161 3912 ib.
1188 3853 1247 3913 175

367 3986 425 4027 uec
446 3987 581 4029 vescas
602 3968 730 4029 aulicum
748 3964 890 4048 frondes
912 3966 1073 4050 ulvamque
1092 3968 1264 4049 palustrem

255 4082 402 4162 Philarg.
426 4086 585 4161 „teneras‚
609 4080 730 4145 exiles“
753 4080 836 4145 Non.
859 4081 1050 4158 „minutas“.
1081 4080 1139 4147 Ov.
1163 4082 1232 4145 fast.
1258 4080 1385 4143 111446

618 4197 789 4279 rreqrnudic
801 4196 903 4278 farra
927 4198 1032 4260 coloni

366 4316 447 4379 quac
469 4296 750 4365 uulnerauerunt,
776 4315 960 4378 coccoque
977 4315 1081 4372 paroc
1103 4300 1223 4354 uocaret.
