3575 5334
427 652 489 712 274
941 651 1030 707 Gener

427 834 459 893 et
480 828 576 893 Iones
604 833 636 893 et
657 825 779 891 Atticos
807 824 895 908 ipsos
924 841 1050 905 quoque
1073 846 1088 887 ε
1109 824 1143 887 44
1167 846 1180 886 ι
1208 842 1265 888 343
1292 822 1396 887 Marte
1424 824 1547 889 mollire

426 924 568 1007 potuisse
589 923 684 989 facile
706 922 838 988 concedi
853 921 977 1005 ,poterit
994 926 1026 985 et
1048 920 1202 985 habemus
1224 920 1378 984 hocloco
1401 922 1547 1004 exempla

425 1020 616 1086 Χαλκιᾶται
644 1041 715 1086 curn
744 1019 927 1083 nominibus
955 1017 1113 1083 similibus
1140 1036 1239 1099 supra
1260 1017 1465 1083 enumeratis.
1509 1018 1546 1083 de

428 1114 557 1203 ὠφελία
580 1118 718 1184 dubitari
741 1121 862 1201 potest,
890 1114 965 1197 quia
986 1115 1067 1180 haec
1088 1114 1191 1180 forma
1211 1113 1364 1179 facillime
1387 1115 1485 1179 etiarn
1505 1115 1547 1179 ita

426 1216 613 1300 explicatur,
642 1222 676 1280 ut
699 1214 739 1280 de
759 1215 833 1297 ipsa
854 1214 954 1296 stirpe
976 1204 1083 1297 ὠφελ,
1113 1231 1178 1276 nou
1208 1210 1249 1276 de
1277 1210 1430 1277 adiectiri
1454 1211 1546 1294 stirpe

426 1311 580 1398 *ώφελεο
603 1313 657 1385 lde
678 1317 742 1394 qua
762 1312 881 1377 factum
897 1316 945 1377 est
967 1304 1124 1393 ὠφέλεια)
1148 1308 1326 1375 derivatum
1348 1307 1399 1375 sit.
1431 1316 1545 1374 certum

424 1411 520 1493 igitur
541 1411 692 1476 iudicium
715 1409 756 1475 de
778 1410 839 1474 hac
861 1428 896 1473 re
918 1408 1001 1473 13443
1022 1427 1087 1471 434
1108 1406 1221 1472 ausim.

511 1527 537 1573 c.
582 1528 622 1571 οι
648 1505 947 1587 constringitur
969 1505 1003 1568 in
1025 1526 1055 1588 ο.

511 1607 633 1669 ποεῖν
656 1607 706 1683 4ο,
723 1616 761 1665 54.
786 1608 836 1684 45,
852 1614 875 1666 ο.
901 1605 973 1683 344,
988 1613 1012 1663 r.
1037 1603 1108 1681 373,
1127 1613 1150 1663 5.
1174 1602 1248 1681 432,
1264 1612 1288 1663 5.
1311 1600 1413 1665 4533.
1438 1604 1508 1680 444,
1523 1612 1544 1662 5.

427 1696 717 1783 ἆγολμανοποικοῦ
741 1703 839 1781 3244,
855 1711 895 1763 23.
918 1734 959 1745 -
982 1705 1094 1762 ποιεῖν
1116 1697 1289 1777 424),9.14.
1313 1700 1364 1778 43,
1380 1710 1405 1760 4.
1429 1698 1508 1778 474),
1523 1710 1543 1758 5.

427 1801 477 1880 49,
494 1810 516 1863 3.
541 1802 591 1878 51,
607 1808 631 1862 ο.
656 1808 694 1861 44.
718 1801 792 1879 554,
808 1808 832 1861 5.
855 1809 879 1861 3.
903 1807 942 1858 rr.
967 1798 1017 1875 59,
1035 1807 1072 1857 4ο.
1096 1806 1136 1858 35.
1159 1795 1238 1876 6444,
1254 1806 1278 1857 4.
1294 1808 1318 1858 5.
1341 1798 1393 1874 58,
1409 1806 1434 1857 9.
1460 1798 1543 1876 77,4.

427 1896 477 1975 78,
492 1906 517 1959 3.
532 1907 557 1957 4.
582 1898 651 1974 105,
667 1906 692 1960 3.
714 1896 786 1974 282,
804 1906 841 1959 43.
865 1897 938 1975 319,
957 1905 992 1956 45.
1018 1904 1054 1956 43.
1078 1895 1151 1972 321,
1166 1904 1205 1953 34.
1229 1895 1328 1974 3223,
1344 1904 1384 1956 m.
1400 1906 1441 1958 54.
1456 1893 1495 1955 34.
1509 1905 1543 1955 co.

427 1993 499 2072 332,
511 2002 534 2054 3.
550 1994 622 2072 335,
633 2002 657 2057 4.
674 1994 745 2070 353,
761 2003 784 2053 ν.
809 1995 881 2072 344,
892 2002 917 2055 5.
934 1993 1006 2070 345,
1017 2000 1041 2051 5.
1058 1990 1172 2066 4453)
1187 1993 1259 2070 433,
1271 2002 1295 2055 r.
1312 1992 1386 2069 418,
1400 2002 1425 2054 4.
1442 1993 1543 2068 4443.

426 2091 499 2170 483,
515 2100 538 2153 2.
570 2085 737 2170 ἱεροποιοί
751 2090 813 2168 1Α,
824 2099 864 2151 29.
880 2100 920 2150 39.
943 2092 971 2165 5,
984 2098 1008 2149 2.
1028 2088 1114 2167 3241,
1132 2098 1225 2151 4319.
1243 2090 1313 2167 188,
1324 2097 1348 2150 6.
1369 2080 1544 2166 Ἱεροποιός

425 2188 498 2267 439,
514 2180 539 2249 4.
562 2220 602 2232 -
625 2184 772 2251 videmus
786 2186 882 2267 igitur
900 2191 976 2249 ante
992 2182 1135 2248 Euclidis
1149 2191 1288 2249 aetatem
1305 2184 1443 2249 formam
1458 2182 1545 2247 huius

424 2283 515 2348 verbi
537 2303 601 2347 non
629 2283 832 2348 constrictam
861 2283 962 2346 multo
989 2280 1213 2362 frequentioris
1234 2280 1433 2348 4343144333
1455 2298 1544 2363 quarn

424 2380 645 2461 constrictam,
674 2380 701 2445 si
723 2380 851 2462 quidem
873 2378 1006 2444 alterius
1028 2383 1069 2441 44
1092 2377 1224 2443 31434443
1247 2381 1265 2443 8
1290 2384 1366 2443 sunt
1388 2378 1543 2461 exempla,

426 2477 532 2559 quoad
555 2478 663 2543 oculos
685 2495 774 2542 meos
796 2497 860 2541 non
883 2476 1073 2560 effugerunt.
1104 2482 1218 2559 postea
1238 2476 1428 2559 scripturam
1452 2476 1543 2539 ποεῖν

425 2575 521 2640 etiam
557 2573 661 2655 magis
702 2572 916 2640 increbruissc
953 2572 1069 2651 docent
1104 2574 1254 2656 exempla
1288 2593 1309 2637 a
1344 2570 1545 2638 Weckleinio

425 2692 456 2754 p.
481 2672 520 2733 59
537 2690 583 2752 sq.
613 2670 762 2752 collecte,
792 2690 925 2754 quorum
955 2678 1064 2737 4344434
1091 2676 1216 2735 tantum
1244 2690 1310 2734 non
1338 2670 1450 2736 nullus
1474 2688 1545 2736 usus

425 2786 496 2833 3333
523 2773 642 2850 potest,
677 2766 752 2847 quia
779 2766 836 2833 ille
863 2768 996 2834 alterius
1028 2769 1205 2850 scripturae
1236 2766 1387 2850 exempla
1420 2785 1545 2851 prorsus

424 2863 547 2945 omisit,
577 2864 692 2944 quibus
720 2884 799 2946 opus
829 2884 901 2931 3333
929 2863 972 2929 ad
996 2863 1148 2929 iudicium
1172 2864 1295 2931 dehac
1323 2863 1544 2931 referendum

425 2981 506 3027 unus
538 2960 670 3043 quisque
697 2960 792 3028 facile
821 2962 990 3045 intellegit.
1034 2969 1174 3028 ceterum
1202 2960 1450 3026 Atheniensium
1480 2980 1545 3045 pro

424 3059 527 3142 prium
558 3056 785 3141 144333ποεῖν
817 3060 1024 3143 pronuntiare
1054 3066 1200 3129 monetur
1232 3059 1329 3124 etiam
1359 3058 1396 3123 in
1425 3060 1478 3124 nt.
1506 3059 1543 3123 41.

424 3158 496 3239 679,
511 3168 559 3220 24:
588 3152 695 3219 ἰστέον
719 3150 772 3220 ὅτι
794 3156 827 3221 οἱ
845 3150 1027 3241 Ἀθηναῖοι
1048 3148 1281 3237 άποβάλλοοσι
1302 3152 1341 3218 τὸ
1364 3179 1377 3219 ι
1400 3154 1545 3239 λέγοντες

423 3254 516 3317 ποῶ·
538 3253 591 3317 καὶ
615 3246 781 3336 ἀποροῦσί
802 3277 888 3330 τινες
911 3254 1067 3337 λέγοντες,
1098 3247 1151 3317 ὅτι
1173 3250 1203 3318 el
1225 3247 1290 3333 ἄρα
1312 3250 1345 3316 ολ
1364 3244 1544 3338 Ἀθηναῖοι

424 3348 457 3413 ἐν
479 3351 525 3433 τῷ
548 3354 630 3415 κάλω
652 3351 706 3416 καὶ
736 3348 839 3415 κλαίω
866 3344 1114 3434 ἀποβάλλοντες
1135 3345 1174 3414 cri
1197 3374 1210 3413 ι
1233 3346 1414 3414 &cremnos
1436 3347 1476 3415 τὸ
1499 3346 1545 3415 δι’·

422 3469 556 3529 χρονον,
587 3446 643 3512 διὰ
669 3452 703 3512 cl
730 3446 786 3513 καὶ
815 3436 880 3514 ὧδε
908 3444 1156 3531 ἀποβάλλοντες
1183 3444 1222 3511 τὸ
1244 3471 1257 3511 ι
1278 3442 1338 3510 οὐκ
1365 3444 1544 3513 ἑκτείνουοι

423 3541 462 3606 τὸ
484 3565 502 3607 ο
526 3542 573 3620 εἰς
594 3542 632 3608 τὸ
656 3568 691 3607 ω.
732 3546 792 3611 1433
815 3546 986 3612 discrimen
1008 3564 1127 3624 eorum,
1149 3563 1233 3627 quae
1254 3543 1295 3610 de
1316 3568 1354 3607 αι
1374 3546 1545 3612 constricta

424 3660 521 3724 supra
543 3642 686 3725 exposui,
713 3642 838 3709 ratione
863 3643 975 3709 habita
995 3642 1110 3707 mirum
1131 3640 1235 3707 videri
1254 3640 1320 3707 iam
1342 3662 1410 3707 non
1432 3649 1543 3727 potest.

509 3736 612 3802 στοά
646 3742 702 3819 61,
723 3753 748 3805 4.
770 3753 793 3804 3.
833 3744 931 3823 erra,
959 3752 1000 3805 49.
1031 3750 1071 3806 43.
1124 3740 1166 3805 de
1200 3736 1297 3804 σοοιά
1328 3739 1367 3805 31.
1403 3740 1543 3807 Curtium

424 3834 536 3899 (444443
557 3839 619 3902 204
641 3844 674 3903 34
695 3837 930 3904 Weckleinium
951 3858 983 3921 p.
1007 3840 1058 3902 53.
1112 3896 1115 3902 ,

492 4067 525 4130 ²²)
550 4066 622 4121 idern
639 4067 691 4122 hoe
709 4075 751 4122 est
768 4068 873 4123 donarii
890 4068 988 4136 privati
1003 4066 1181 4136 fragmentum
1198 4071 1280 4135 atque
1296 4064 1384 4135 Rang.
1405 4074 1451 4135 44,
1475 4066 1541 4138 qnod

424 4146 605 4201 Weckleinius
629 4149 757 4217 exemplis
781 4152 858 4200 ποεῖν
881 4148 1033 4218 scripturae
1051 4148 1171 4203 inseruit.
1206 4146 1254 4201 sed
1271 4150 1392 4201 ΟΙΕΣΕΝ
1411 4149 1440 4203 in
1457 4148 1541 4219 lapide

423 4229 528 4280 exstare
545 4227 622 4282 testis
640 4233 682 4282 est
698 4227 821 4282 Rossius.
