3575 5334
351 695 413 757 364
846 696 993 752 Beehstein

436 881 638 933 recontrans:
659 872 754 937 alicui
772 872 819 937 rei
834 873 922 937 Tert.
942 870 984 936 ad
1003 877 1068 936 nat.
1087 875 1115 952 2,
1131 874 1159 953 8,
1181 870 1272 953 quasi
1289 873 1367 952 part.
1381 863 1451 931 verbi

351 965 561 1030 *recontrara
576 989 596 1033 a
610 989 758 1053 praepos.
771 979 883 1031 contra
900 968 1002 1051 geniti
1022 969 1071 1044 (ef.
1084 967 1266 1051 frustrare,
1278 961 1449 1048 sanarat.

436 1065 569 1131 Accedit
583 1068 810 1132 vocabulorum
834 1066 876 1132 ad
891 1068 1071 1133 numeralia
1086 1064 1298 1148 spectantium
1314 1059 1451 1146 quoddam

350 1186 460 1249 genus.
506 1165 588 1229 Sunt
575 1166 695 1230 tenim
718 1166 814 1231 haee:

437 1262 638 1348 quadrant.
662 1283 690 1328 e.
713 1264 843 1376 proprie
866 1271 980 1348 quarta
1001 1282 1077 1347 pars
1105 1261 1243 1345 alicujus
1265 1228 1329 1325 rei:
1357 1255 1450 1333 dieiq

350 1362 370 1427 i.
395 1381 422 1428 e.
446 1382 503 1427 sex
526 1361 642 1443 horae;
665 1362 798 1444 assisq.
822 1362 843 1425 i.
867 1382 894 1427 e
918 1368 984 1427 tres
1006 1360 1120 1425 unciae
1142 1366 1195 1423 ott.

435 1468 566 1521 sentens
587 1459 607 1522 i.
632 1478 658 1524 e.
683 1465 775 1523 sexta
797 1479 872 1540 pars
895 1457 986 1540 assis,
1005 1457 1112 1539 jugeri
1134 1457 1178 1521 al.
1199 1474 1260 1520 rer.

437 1565 544 1620 artano
565 1557 586 1620 i.
610 1575 637 1620 e.
662 1563 775 1621 octava
797 1576 874 1640 pars
897 1556 1016 1621 eireuli.
1060 1556 1138 1621 Vitr.
1164 1558 1213 1635 10,
1238 1557 1268 1634 6,
1296 1557 1322 1617 1.

437 1654 572 1715 densans
594 1673 634 1718 ex
658 1654 695 1715 da
716 1661 748 1718 et
766 1663 896 1715 tentans
912 1660 1109 1719 contractum
1130 1654 1151 1716 i.
1168 1671 1196 1717 e.
1218 1671 1255 1717 as
1270 1656 1362 1715 sexta
1381 1648 1451 1730 parte

351 1750 533 1817 deminutus
567 1749 684 1828 (fiotum
713 1758 748 1815 ut
776 1751 884 1813 denna
912 1751 933 1816 i.
961 1773 989 1817 e.
1017 1751 1167 1816 undecim
1196 1750 1341 1829 uneiae);
1373 1751 1452 1808 trans·

351 1850 418 1915 late
439 1847 635 1913 adhibitum:
655 1850 761 1932 jugeri
784 1850 815 1913 d.
839 1849 974 1931 Colum,
997 1850 1096 1914 horae
1118 1846 1149 1911 d.
1171 1847 1255 1911 Plin.

437 1946 574 2008 dodrans
605 1966 644 2011 ex
667 1947 705 2008 de
728 1955 759 2011 et
781 1947 943 2031 quadrans
965 1951 1178 2012 contractum:
1206 1960 1352 2008 summae
1372 1935 1453 2018 eujus·

350 2044 431 2109 libet
458 2043 491 2107 in
519 2043 688 2108 duodecim
720 2052 828 2127 partes
858 2044 983 2110 divisae
1011 2050 1121 2126 partes
1148 2061 1282 2107 novem:
1308 2036 1409 2121 jugeri
1430 2028 1452 2093 d·

350 2140 866 2220 Liv.,001.‚n0raruma.1³nn.

436 2238 505 2302 Huo
537 2240 678 2320 pertinet
711 2248 879 2322 praeterea
914 2238 1105 2303 venabulum
1139 2238 1238 2298 trians
1269 2235 1291 2299 i.
1321 2254 1348 2351 e.
1381 2226 1455 2296 tertia

349 2336 612 2419 persensisset
635 2337 719 2401 elius
740 2337 796 2402 rei.

427 2387 537 2543 'Quam'
575 2435 660 2498 viam
699 2434 858 2500 formandi
899 2434 1045 2517 ingressa
1083 2434 1148 2498 sint
1135 2431 1267 2497 theon
1306 2426 1454 2502 voeabula,

350 2529 489 2596 maxime
522 2540 657 2613 apparet
696 2550 736 2598 ex
768 2553 847 2599 voce
884 2534 1044 2617 quadrans
1079 2531 1310 2607 (dodrans)et
1345 2537 1456 2590 sennan

351 2628 519 2703 (dextans),
538 2647 621 2709 quae
635 2630 727 2710 quasi
742 2637 817 2696 sunt
831 2631 1000 2714 partieipia
1015 2626 1206 2695 verborum
1198 2647 1232 2690 ru
1234 2626 1456 2691 transitivorun

351 2724 510 2808 quadrare
532 2724 629 2800 (usita
630 2727 721 2800 tinet
742 2738 873 2791 eantare
894 2730 936 2793 ab
959 2725 1127 2809 adjectivis
1149 2724 1290 2809 quadras
1311 2730 1344 2789 et
1365 2728 1457 2785 sanas

351 2821 568 2888 deductorum
612 2823 794 2889 Secundum
818 2846 927 2892 eorum
948 2824 1132 2907 analogiam
1154 2823 1262 2887 fietum
1285 2829 1335 2887 est
1357 2841 1394 2883 aa
1395 2829 1457 2886 nans,

351 2941 409 3004 pro
432 2940 494 3002 quo
516 2915 689 2983 *ortanam
711 2921 764 2999 (ab
781 2933 908 2986 octavas
929 2928 964 2987 nt
986 2932 1117 2985 sentarn
1131 2924 1287 2996 areatas)
1311 2921 1460 3002 exspecta-

349 3018 444 3084 veris.
467 3015 487 3056 i
497 3018 608 3080 Trn'ans
622 3017 749 3084 videtur
764 3039 835 3086 esse
850 3029 932 3105 part.
948 3021 1038 3088 verbi
1057 3021 1163 3091 trn’ara
1179 3037 1315 3100 quonum
1331 3015 1461 3082 conferas

349 3137 395 3199 gr.
419 3114 572 3195 τριάζειν.

435 3215 472 3279 Β.
496 3214 635 3278 Nomina
656 3214 690 3278 in
713 3236 767 3277 ens
789 3216 950 3281 exeuntia.

436 3313 482 3376 Ao
510 3312 648 3393 primum
671 3312 799 3393 quidem
828 3314 1003 3379 afferantur
1031 3313 1113 3378 haee
1139 3314 1275 3392 quatuor
1297 3308 1462 3391 adjectiva:

425 3407 629 3489 Jtnndnlens,
653 3410 743 3492 eujus
757 3409 878 3476 formae
893 3410 957 3476 hae
974 3412 1123 3493 teguntur
1145 3407 1313 3484 (collectae
1328 3427 1348 3472 a
1363 3405 1463 3480 Nouio,

349 3504 584 3581 formen1.112,
615 3526 646 3588 p.
671 3509 739 3583 95):

393 3623 438 3685 sg.
463 3602 527 3668 abi.
541 3601 750 3688 fraudulenti
768 3604 873 3668 Plaut.
896 3603 1013 3670 Pseud.
1037 3608 1066 3683 2,
1093 3607 1119 3681 1,
1144 3605 1178 3684 73

392 3701 545 3783 pinam.
566 3698 793 3781 fraudulentas
822 3701 886 3767 Cio.
919 3703 972 3766 off.
997 3705 1113 3784 2,·1o,
1138 3703 1179 3765 36
1206 3698 1241 3763 in
1270 3698 1341 3764 cod.
1365 3695 1465 3763 Bamb.

350 3801 432 3878 (qno,
448 3798 587 3880 pertinet
608 3798 740 3864 adverb.
752 3797 1006 3880 fraudolenter).

420 3977 451 4042 ¹⁷)
469 3975 561 4030 Verba
584 3977 724 4045 frustrare
750 3982 777 4031 et
799 3983 959 4033 recontrara
976 3977 1069 4031 eadem
1087 3976 1192 4031 ratione
1210 3992 1271 4031 esee
1287 3976 1405 4031 formata
1421 3984 1466 4027 non

274 4076 276 4081 ·
349 4058 424 4112 dico:
443 4056 584 4126 frustrare
599 4072 629 4110 ro
638 4073 702 4112 vere
714 4074 769 4114 non
782 4059 816 4113 ab
830 4059 958 4114 adverbio
974 4060 1095 4130 frastra,
1113 4058 1160 4112 sed
1171 4058 1206 4112 ab
1221 4057 1320 4127 adject.
1339 4057 1465 4126 *frustro-

348 4138 477 4193 inusitato
497 4136 618 4205 quidem,
636 4139 715 4207 cnjus
733 4138 867 4194 ablativus
886 4141 949 4194 fem.
967 4156 1026 4208 gen.
1045 4144 1088 4194 est
1102 4139 1222 4208 frustra,
1242 4144 1333 4193 ortum
1354 4141 1408 4203 est,
1430 4148 1464 4187 rc-

347 4228 488 4292 Jcantrnns
504 4233 568 4271 vero
587 4232 603 4270 a
620 4218 821 4287 praepositione
837 4226 933 4275 cantra
956 4218 1085 4287 singulari
1102 4220 1220 4288 quodem
1237 4219 1318 4275 modo
1336 4234 1354 4273 a
1370 4212 1466 4272 Tertul-

351 4309 414 4361 iano
431 4302 526 4356 fictum
559 4299 672 4353 videtur.
