3575 5334
409 698 472 759 244
671 707 673 711 ·
931 695 1019 781 Cauer

408 875 600 958 pertineant.
631 890 695 953 qua
710 889 744 934 re
759 889 800 934 ne
816 869 887 950 quis
903 869 1048 949 miretur,
1072 869 1099 934 si
1121 867 1317 932 minusculas
1338 874 1464 932 tantum
1487 886 1537 932 res

409 978 442 1037 et
463 972 546 1036 inter
567 988 602 1035 se
631 968 710 1034 satis
739 966 885 1047 dispares
915 985 976 1030 uno
1006 966 1066 1031 hoc
1096 965 1200 1048 capite
1229 963 1536 1046 comprehenderim.

756 1222 782 1286 I.
827 1222 882 1285 De
905 1242 923 1303 η
954 1226 991 1285 et
1015 1243 1036 1282 α
1058 1220 1190 1301 longa.

496 1378 524 1441 A
546 1375 669 1441 ratione
692 1374 823 1440 dialecti
845 1374 989 1452 Ionicae,
1019 1370 1102 1453 quae
1124 1395 1146 1435 α
1167 1372 1299 1454 longam
1323 1378 1451 1438 tantum
1476 1395 1537 1439 non

412 1491 539 1555 semper
560 1473 595 1536 in
617 1497 636 1553 q
660 1473 811 1552 mutavit,
841 1472 964 1536 Atticos
986 1471 1031 1534 ita
1053 1470 1241 1551 recessisse,
1269 1476 1304 1535 ut
1326 1478 1400 1554 post
1424 1495 1456 1548 α,
1480 1496 1503 1548 ε,
1527 1496 1537 1534 ι

411 1570 541 1635 vocales
572 1578 603 1634 et
632 1578 704 1652 post
732 1594 750 1650 ρ
781 1574 1011 1634 consonantem
1044 1566 1214 1649 liquidam,
1248 1568 1410 1633 interdum
1445 1570 1537 1635 etiam

412 1672 535 1750 posto,
560 1689 596 1741 ω,
621 1690 639 1728 v
662 1667 792 1732 vocales
815 1665 983 1749 pristinam
1007 1668 1028 1727 ᾶ
1051 1671 1235 1744 servarent,
1258 1665 1460 1731 notissimum
1484 1675 1538 1733 est.

413 1784 488 1828 nam
516 1762 601 1845 quod
624 1762 841 1844 Bergkius,
871 1762 1099 1840 ,Griechische
1122 1762 1492 1844 Literaturgeschichte“
1513 1765 1538 1840 I,

412 1883 444 1945 p.
468 1864 507 1925 73
530 1884 549 1942 q
572 1860 715 1925 Ionicam
737 1861 779 1925 ab
801 1861 915 1926 Atticis
937 1880 1045 1925 rursus
1067 1860 1100 1922 in
1123 1859 1144 1923 α
1164 1866 1318 1925 mutatam
1342 1880 1415 1926 esse
1438 1869 1537 1945 putat,

412 1978 535 2039 vereor,
565 1965 599 2020 ut
627 1958 683 2022 ille
705 1965 791 2022 recte
812 1957 1011 2022 iudicaverit.
1056 1957 1142 2038 quod
1167 1961 1194 2022 si
1217 1978 1282 2022 non
1304 1959 1396 2039 fecit,
1427 1961 1541 2025 mirum

414 2077 484 2123 esse
512 2054 719 2120 nullomodo
748 2061 854 2137 potest
882 2055 917 2118 in
939 2074 994 2135 ea,
1024 2074 1120 2136 quam
1148 2054 1210 2118 sibi
1235 2053 1327 2119 finxit
1354 2055 1404 2120 vir
1428 2057 1542 2123 doctis·

413 2156 526 2235 simus,
556 2153 717 2218 sententia
740 2150 781 2216 de
810 2152 1002 2234 cognatione
1027 2152 1157 2217 Ionicae
1183 2158 1215 2217 et
1240 2153 1367 2218 Atticae
1390 2153 1545 2220 dialecto-

413 2273 492 2316 rum.
537 2249 594 2316 sed
624 2249 665 2314 de
694 2268 732 2313 ea
762 2269 819 2314 suo
849 2251 919 2314 loco
947 2249 1031 2313 infra
1059 2269 1164 2331 agam.
1209 2270 1294 2315 nunc
1320 2254 1541 2332 quaerendum

415 2356 472 2429 est,
495 2367 616 2429 ecquae
639 2347 703 2412 sint
725 2348 883 2428 exempla,
908 2346 1055 2428 equibus
1070 2354 1227 2429 appareat
1241 2372 1260 2432 η
1276 2349 1422 2414 vocalem
1446 2351 1543 2415 etiam

414 2452 505 2510 entra
528 2464 582 2509 eos
611 2443 708 2524 fines,
737 2444 850 2525 quibus
873 2443 1058 2525 ceteroquin
1086 2444 1120 2508 in
1141 2445 1275 2511 Atthide
1303 2447 1545 2531 circumscripta

414 2549 477 2622 est,
507 2543 559 2607 vel
583 2541 724 2606 evasisse
746 2541 816 2621 vel,
848 2542 876 2607 si
904 2542 975 2623 quis
996 2541 1171 2623 Bergkium
1201 2544 1334 2609 mavelit
1356 2546 1464 2627 sequi,
1496 2566 1544 2611 re·

414 2639 579 2702 mansisse.
631 2645 662 2702 et
693 2638 798 2720 reperi
831 2638 911 2703 talia
947 2640 980 2703 in
1017 2637 1278 2720 inscriptionibus
1313 2643 1542 2708 vetustioribus

415 2753 527 2816 pauca.
571 2732 630 2798 sed
658 2734 765 2799 omnia
787 2744 862 2801 sunt
884 2738 951 2801 eius
981 2735 1083 2816 modi,
1113 2742 1148 2799 ut
1169 2735 1212 2800 ad
1239 2736 1342 2820 ipsam
1367 2737 1537 2805 dialectum

415 2831 554 2895 Atticam
577 2830 666 2894 nullo
688 2831 783 2897 modo
805 2833 999 2915 pertineant.
1319 2829 1321 2833 ’

504 2932 530 2992 l.
575 2928 715 2992 Primum
744 2927 872 3010 quidem
902 2932 1066 2996 Minervae
1094 2930 1233 2995 nominis
1261 2931 1395 2995 formam
1415 2924 1542 3019 Ἀθη-

415 3027 506 3108 ναίη
537 3024 571 3089 in
600 3025 860 3108 inscriptionibus
883 3029 997 3093 Atticis
1023 3034 1150 3093 exstare
1173 3035 1204 3092 et
1226 3028 1386 3110 Bergkius
1409 3029 1430 3095 l.
1455 3032 1476 3095 l.
1500 3034 1539 3094 72

373 3138 377 3146 ·
403 3116 770 3203 et‘Wockleinius,
794 3122 865 3188 Cur.
883 3125 981 3207 epigr.
1001 3146 1031 3207 p.
1050 3131 1086 3188 11
1112 3131 1348 3206 commemorat,
1372 3128 1428 3207 qui
1450 3130 1539 3202 tria⁷l

414 3218 515 3291 affert
536 3219 695 3302 exempla.
748 3241 844 3285 unum
874 3227 923 3286 est
952 3220 986 3285 0.
1009 3222 1029 3284 i.
1054 3223 1091 3285 A.
1115 3224 1186 3300 395,
1209 3233 1224 3282 2
1245 3251 1288 3273 =
1309 3224 1414 3305 Rang.
1439 3230 1479 3289 52
1509 3227 1540 3289 in

412 3316 621 3399 inscriptione
651 3317 774 3382 donarii
803 3319 845 3382 ab
868 3318 947 3382 Ione
975 3325 1072 3399 poeta
1094 3317 1173 3383 Chio
1195 3319 1307 3400 positi:
1345 3316 1445 3399 [”Ι]ων
1469 3318 1541 3388 ἀνέ-

414 3416 515 3494 θηκεν
539 3407 701 3493 dylalllpa
723 3415 773 3499 cp}
794 3409 968 3497 Ἀθηναίη.
1000 3415 1080 3480 haec
1101 3416 1202 3480 verba
1224 3436 1418 3499 quamquam
1434 3422 1540 3487 Attica

413 3507 581 3572 literature
602 3517 735 3574 exarata
756 3517 840 3591 sunt,
863 3520 973 3576 tamen
996 3532 1061 3576 non
1083 3512 1204 3594 dubito,
1228 3515 1305 3595 quin
1326 3516 1541 3584 Kirchholhus

414 3610 499 3669 recte
522 3603 563 3669 de
586 3605 632 3670 eis
654 3605 857 3688 iudicaverit,
888 3607 941 3690 qui
963 3616 1094 3691 propter
1111 3602 1276 3695 Ἀθηναίῃ
1299 3612 1436 3679 formam
1458 3615 1540 3681 Ioni-

414 3721 484 3766 cam
507 3707 599 3784 putat
621 3703 807 3786 scriptorem
822 3706 934 3770 Ionica
955 3706 1093 3771 dialecto
1116 3728 1206 3772 usum
1230 3729 1312 3775 esse.
1350 3711 1412 3776 hoc
1434 3720 1539 3778 autem

413 3805 448 3861 ut
475 3804 667 3881 statuamus,
701 3800 801 3883 ipsius
835 3803 920 3884 eius,
951 3803 1004 3885 qui
1032 3804 1205 3887 imaginem
1237 3806 1418 3890 dedicavit,
1454 3810 1538 3875 Ionis

483 4032 503 4096 ⁷)
530 4046 592 4083 nam
616 4032 688 4099 quod
711 4033 770 4101 ipsc
794 4043 890 4103 quarto
916 4038 976 4091 loco
996 4037 1025 4092 C.
1043 4037 1061 4090 i.
1086 4038 1118 4090 A.
1138 4042 1188 4092 364
1206 4067 1240 4086 =
1257 4040 1343 4109 Rang.
1363 4049 1394 4097 51
1425 4045 1537 4100 formam

409 4105 536 4173 Ἀθηναίη
554 4112 668 4166 maxime
686 4112 795 4167 dubiam
819 4131 878 4170 esse
901 4117 978 4182 dicit,
1006 4133 1065 4172 cam
1089 4134 1123 4173 ne
1145 4118 1254 4173 dubiam
1278 4122 1385 4189 quidem
1408 4139 1470 4180 esse
1493 4124 1537 4179 scd

414 4190 521 4243 omnino
546 4205 600 4244 non
621 4198 729 4247 exstare
751 4194 779 4247 in
796 4196 849 4249 hoc
873 4197 952 4252 titulo
970 4200 1156 4268 unnsquisque
1174 4200 1323 4269 intelleget,
1348 4205 1395 4273 qui
1412 4205 1537 4261 Koehleri

414 4269 599 4337 apographum
617 4272 691 4340 apud
708 4273 907 4329 Kirchhoffium
923 4280 1092 4347 propositum
1109 4282 1265 4349 inspexerit.
