3575 5334
335 687 376 751 84
850 690 950 744 Glemm

334 857 492 946 ἄπτερος,
516 853 686 944 daretque,
710 856 884 945 ἀπτερέως
907 862 948 929 de
969 864 1009 929 iis
1032 864 1126 929 rebus
1149 862 1350 949 dictumest,
1378 855 1480 950 quauv

333 978 399 1022 non
427 958 541 1023 leviter
568 962 624 1022 aut
652 959 825 1024 oscitanter
853 959 911 1025 sed
939 961 1053 1026 sedulo
1081 979 1120 1025 ac
1154 968 1282 1028 strenue
1310 972 1457 1047 aguntur.

335 1055 417 1121 Inde
445 1055 572 1138 glossae
600 1054 826 1140 Hesychianae
854 1058 1068 1141 explicandae
1101 1066 1189 1140 suut,
1223 1080 1307 1143 quae
1338 1062 1458 1146 passim

333 1154 395 1219 huc
417 1154 597 1218 refemntur
625 1160 753 1235 praeter
774 1173 870 1217 unam
893 1162 1073 1238 corruptam
1096 1151 1367 1240 διιταρδσσεται·
1398 1164 1459 1225 πέ-

332 1273 436 1315 τεται.
481 1249 546 1315 Sed
568 1251 703 1316 fortasse
725 1250 806 1316 haec
827 1270 953 1334 quoque
974 1252 1104 1318 retineri
1127 1259 1248 1338 potest,
1277 1255 1305 1320 si
1328 1255 1457 1338 quidem

333 1349 542 1431 acomposito
558 1347 714 1412 vocabulo
737 1343 892 1435 ἅπιήρυξ
914 1345 1090 1433 (ἀπιάρυξ)
1113 1349 1349 1434 proficiscimur,
1374 1352 1458 1435 quod

332 1446 428 1510 simili
458 1464 563 1509 errore
585 1445 626 1509 ab
649 1443 748 1527 alpha
776 1444 936 1512 intensive
963 1445 1105 1529 incipere
1127 1449 1325 1530 grammatici
1349 1450 1459 1532 opina·

333 1543 450 1606 bantur
471 1547 568 1622 atque
594 1538 751 1625 ἄπτερος.
1195 1550 1198 1554 ’

420 1694 472 1767 30)
510 1684 681 1773 ἄπυρος.

333 1838 448 1904 Aesdh.
481 1838 585 1902 Prcm.
615 1840 676 1902 880
712 1834 850 1919 οἴστρου
886 1832 922 1898 δ’
959 1832 1057 1918 ἄρδις
1090 1842 1180 1920 χρίει
1216 1834 1255 1918 μ’
1285 1836 1457 1921 Ι’διἐυρος.

332 1935 440 2000 Schcl.
465 1930 484 2020 ἡ
508 1930 597 2016 ἀκμὴ
620 1939 679 1996 τοῦ
703 1931 811 2016 πυρὸς
833 1928 1001 2017 ἄπυροςῆ
1018 1933 1269 2018 πολύπυρος
1291 1940 1338 2012 (ut
1360 1938 1459 2019 alpha

331 2032 375 2098 eit
397 2029 606 2105 ἐπισαιικδν)
636 2027 693 2093 διδι
720 2027 759 2092 τὸ
790 2029 942 2115 σφοδρὸν
965 2038 1024 2096 τοῦ
1050 2030 1198 2107 πάθους.
1243 2032 1459 2098 Doederlinns

330 2129 432 2211 alpha
460 2128 653 2194 intensivum
682 2124 827 2192 defendit
856 2128 931 2208 quia
953 2128 1039 2194 notio
1068 2130 1153 2211 ignis
1181 2147 1239 2211 pro
1260 2131 1458 2195 atrocissimo

333 2227 490 2291 cruciatus
512 2244 631 2308 genere
653 2224 770 2290 usitata
792 2224 842 2288 eit.
877 2225 1084 2291 Recentiores
1106 2226 1245 2292 editores
1267 2245 1352 2290 nunc
1374 2234 1458 2292 recte

332 2324 595 2406 interpretantur:
624 2321 724 2387 telum
752 2321 820 2403 igni
840 2339 906 2387 non
931 2322 1111 2404 admotum,
1140 2323 1211 2389 sine
1232 2322 1308 2405 igne
1330 2323 1456 2389 factum.

331 2422 386 2485 Sic
407 2418 636 2499 Blomfieldius‚
659 2418 872 2500 Humanum,
898 2420 1041 2502 Weilius‚
1067 2420 1272 2501 Schmidtius,
1296 2409 1459 2486 Wecklei-

329 2519 422 2597 nius,
456 2518 510 2599 qui
533 2515 651 2579 multos
670 2514 794 2579 similes
820 2516 907 2581 locos
929 2518 1066 2583 afferunt
1095 2516 1150 2582 ubi
1173 2518 1384 2600 metaphorae
1405 2538 1459 2583 au·

331 2613 427 2679 dacia
437 2612 584 2695 apposito
599 2609 761 2692 adjectivo
776 2612 1011 2693 quodammodo
1026 2620 1221 2680 coerceatur.
1251 2613 1298 2679 Os.
1314 2613 1457 2698 Ohoeph.

333 2713 395 2774 493
426 2709 549 2785 πέδαις
578 2705 811 2787 ἀχαλκεύτοις,
840 2709 932 2793 frgm.
956 2714 1028 2791 298,
1051 2716 1071 2774 4
1100 2708 1243 2796 ἄπτεροι
1266 2709 1456 2789 πελειάδες,

333 2807 394 2888 Ag.
420 2808 501 2870 1298
531 2804 652 2881 δίπους
679 2806 806 2886 λέαινα,
835 2807 924 2890 Sept.
947 2813 988 2873 ul
1012 2814 1100 2889 κῦμα
1120 2820 1278 2893 χερσαῖον
1302 2813 1457 2893 στρατοῦ,

330 2901 399 2967 alia
421 2907 494 2967 sunt
515 2902 665 2986 exempla
684 2904 866 2988 Sophoclea
888 2912 921 2971 et
942 2905 1127 2988 Euripides.

418 3066 470 3138 31)
507 3058 693 3149 σἰσιαχής
716 3071 748 3129 et
770 3061 991 3141 δστακτος.

333 3198 423 3265 Suid.
446 3194 589 3284 ἀσταγὲς
611 3194 717 3281 ὕδωρ·
741 3198 778 3264 εδ
801 3201 1021 3284 σολυσιαχές.
1051 3199 1157 3265 Schul.
1173 3198 1216 3263 ad
1230 3197 1338 3282 Apoll.
1354 3198 1457 3264 Rhod.

333 3296 459 3361 111805
483 3288 627 3377 ἀσταγὲς
650 3292 748 3373 (ἀντὶ)
771 3304 830 3362 τοῦ
853 3298 1089 3380 ιιολυσταχὼς·
1112 3294 1150 3385 εδ
1166 3295 1228 3381 γὰρ
1245 3320 1266 3360 α
1282 3300 1339 3360 νῦν
1363 3293 1458 3362 ἐπι-

333 3391 507 3457 τατικδν
530 3388 576 3469 ὡς
598 3390 636 3455 τὸ
660 3390 780 3472 ἄξυλος
803 3389 872 3479 ὕλη.
911 3393 975 3460 Sed
999 3413 1110 3459 verum
1133 3413 1173 3460 ex
1195 3414 1253 3458 usu
1276 3389 1457 3475 Sophocleo

333 3507 525 3571 cognoscere
546 3505 715 3572 possumus
735 3489 790 3554 ubi
811 3489 869 3573 frg.
896 3494 955 3555 162
975 3489 1075 3555 Dind.
1102 3488 1306 3574 κρύσταλλον
1329 3485 1457 3575 ἀσταγι]

329 3586 470 3669 legimus
490 3585 511 3649 i.
526 3604 554 3651 e.
577 3584 714 3652 solidam
728 3587 871 3669 glaciem
894 3587 981 3654 unde
1001 3608 1067 3653 non
1089 3586 1190 3652 stillat
1211 3605 1306 3668 aqua.
1343 3586 1456 3652 Paullo

332 3684 427 3749 aliter
448 3682 533 3749 idem
556 3681 717 3766 posteo,
742 3683 776 3749 O.
801 3688 878 3748 1251
906 3694 937 3750 ct
963 3687 1044 3748 1646
1067 3683 1108 3749 de
1129 3682 1383 3751 lamentantibus
1404 3684 1458 3750 vel

332 3779 482 3846 flentibus
496 3780 680 3867 hominibus
697 3780 862 3864 praedicat
877 3787 911 3845 ut
926 3780 983 3847 sit:
1005 3801 1070 3845 non
1085 3780 1229 3846 stillatim
1245 3779 1303 3845 sed
1318 3780 1456 3865 copiose.

333 3875 441 3956 Quare
468 3897 539 3944 oum
568 3878 699 3961 propria
726 3876 817 3944 verbi
847 3875 980 3957 στάζειν
1009 3879 1097 3943 notio
1119 3877 1219 3961 alpha
1240 3876 1383 3961 praefixo
1404 3896 1459 3943 nc·

331 3975 425 4057 getur
458 3976 630 4058 cogitando
664 3975 691 4040 si
726 3976 897 4059 opponitur
927 3974 1050 4041 dicendi
1085 3978 1223 4064 cognate
1250 3974 1457 4056 significatio,

332 4072 484 4138 adeum
520 4092 649 4139 sensum
684 4073 876 4138 contrarium
910 4072 1092 4139 delabimur
1124 4090 1216 4155 quem
1254 4091 1319 4136 non
1353 4073 1456 4139 solum

330 4168 511 4251 Sophocles
533 4169 708 4237 sedetiam
730 4176 847 4253 poetee
866 4169 1077 4236 Alexandrini
1099 4167 1265 4235 vocabulis
1284 4168 1354 4235 illie
1375 4188 1458 4236 com·

332 4266 447 4349 positis
475 4269 582 4335 inesse
608 4268 787 4334 voluerunt.
831 4268 900 4333 Hoc
921 4266 1073 4352 Hesychii
1102 4274 1247 4334 auctores
1273 4267 1391 4334 melioe
1412 4268 1457 4331 in-
