3575 5334
407 713 470 775 434
618 735 620 740 ·
906 709 995 765 Cauer

407 892 609 954 memoretur.
647 891 681 951 at
703 903 807 967 neque
829 900 944 965 perse
966 882 1041 947 talis
1063 879 1223 947 sententia
1245 897 1345 963 prave
1369 878 1455 944 dicta
1477 887 1529 959 est,

408 983 492 1067 quod
514 981 689 1065 Herzogius
710 982 781 1064 ipse
802 981 825 1044 l.
848 979 869 1043 l.
899 997 1004 1062 paene
1025 977 1225 1044 intellexisse
1247 976 1391 1059 videtur,
1420 997 1530 1059 neque,

407 1082 435 1147 si
457 1087 560 1163 esset,
583 1081 644 1145 hoc
665 1077 778 1143 vitium
801 1096 840 1143 ea
862 1076 998 1158 ratione,
1023 1097 1119 1159 quam
1141 1076 1198 1140 ille
1218 1074 1305 1156 iniit,
1329 1075 1530 1140 minueretur.

407 1197 484 1244 nam
512 1197 583 1243 oum
611 1175 796 1258 analogiam
824 1174 956 1257 linguae
977 1174 1167 1239 Homericae
1187 1174 1221 1237 in
1244 1172 1378 1237 Atthide
1400 1173 1531 1237 multum

407 1275 548 1341 valuisse
571 1275 779 1356 existimaret,
801 1273 907 1356 ipsum
928 1270 1138 1338 contrahendi
1152 1290 1267 1336 munus
1281 1276 1367 1336 retro
1389 1269 1424 1333 in
1446 1269 1531 1336 illam

407 1372 573 1438 transtulit
592 1372 648 1452 ita,
670 1377 706 1435 ut
727 1369 824 1434 Attici
845 1368 1098 1435 contractionem
1119 1368 1278 1433 vocalium
1300 1367 1335 1432 in
1358 1366 1452 1449 epico
1474 1387 1532 1433 ser·

407 1489 504 1535 moue
525 1468 578 1534 hie
598 1469 665 1534 illio
686 1469 849 1551 inceptam
872 1466 988 1532 imitati
1010 1486 1081 1532 eam
1106 1466 1202 1532 certis
1228 1462 1355 1546 legibus
1378 1462 1531 1530 firmatam

407 1567 529 1632 maiore
557 1567 739 1632 constantia
767 1584 896 1649 semper
924 1563 1088 1648 peregisse
1123 1560 1258 1645 putandi
1286 1561 1360 1627 sint.
1406 1567 1442 1626 at
1475 1582 1532 1644 qua

408 1664 532 1728 ratione
556 1661 652 1727 ducta
674 1662 785 1744 lingua
799 1663 891 1746 epiea
907 1686 944 1726 εα
960 1662 993 1726 in
1009 1685 1038 1741 η,
1062 1683 1100 1724 αε
1122 1664 1230 1723 autem
1251 1659 1285 1723 in
1308 1663 1330 1721 ᾰ
1351 1658 1531 1725 contraxit?

408 1780 451 1825 an
481 1759 510 1824 ei
539 1778 646 1824 rursus
673 1759 740 1824 alia
767 1759 925 1842 dialectus
953 1755 1163 1825 contrahendi
1192 1754 1309 1838 cupida
1331 1760 1363 1822 et
1392 1758 1531 1835 rationis,

334 1883 337 1887 “
408 1875 491 1939 quae
521 1861 636 1939 postea
668 1856 821 1940 invaluit,
865 1858 960 1923 exlex
992 1852 1188 1921 antecessit?
1234 1851 1322 1917 haud
1352 1852 1453 1920 facile
1485 1855 1532 1921 vel

409 1953 585 2036 Herzogius
612 1953 674 2019 hoo
700 1959 827 2020 statuet.
870 1954 981 2036 itaque
1002 1972 1062 2036 ego
1086 1970 1152 2015 non
1175 1949 1286 2014 dubito
1308 1950 1443 2017 credere
1465 1972 1532 2017 cou-

409 2050 598 2115 tractionem
620 2051 795 2131 vocalium,
824 2070 920 2134 quarn
950 2049 1125 2132 antiquitus
1151 2068 1217 2113 non
1239 2048 1342 2113 solum
1365 2047 1533 2115 Homerica

409 2145 586 2213 sedetiam
609 2153 736 2213 ceterae
759 2147 890 2213 dialecti
912 2148 1152 2227 inchoaverant,
1175 2146 1217 2209 ab
1233 2145 1341 2210 Attica
1360 2165 1419 2211 suo
1436 2148 1532 2212 Marte

409 2244 595 2327 diligentius
618 2244 780 2309 excultam
802 2251 835 2310 et
856 2246 890 2310 in
913 2251 1034 2310 certum
1056 2263 1148 2308 usum
1168 2248 1331 2325 receptam
1354 2262 1436 2309 esse.

494 2360 569 2406 nam
602 2358 659 2405 sue
692 2342 795 2406 Marte
823 2341 857 2406 in
890 2341 1055 2407 nonnullis
1087 2340 1182 2406 rebus
1215 2339 1403 2421 indigenam
1436 2341 1531 2421 illam,

409 2455 629 2520 quaecumque
656 2437 732 2520 luit,
763 2437 936 2504 dialectum
959 2438 1098 2503 Atticam
1128 2438 1224 2503 etiam
1253 2443 1338 2518 tum,
1367 2456 1441 2501 cum
1464 2439 1532 2504 scri-

409 2534 507 2600 bendi
530 2554 591 2600 usu
613 2534 818 2618 dirigeretur,
848 2537 954 2618 egisse
975 2554 1035 2600 nec
1056 2534 1127 2607 sola
1148 2534 1442 2615 conglomeratione
1466 2556 1532 2619 par-

409 2631 489 2695 tium
511 2649 646 2714 peregre
667 2639 865 2715 arreptarum
897 2632 1043 2697 effectam
1071 2651 1143 2698 esse
1169 2631 1241 2713 ipse
1265 2631 1443 2715 Heraogius
1465 2654 1532 2700 con·

410 2726 511 2806 cedit,
548 2746 620 2790 cum
654 2727 739 2793 dicat
760 2737 875 2795 certas
909 2727 1064 2811 quasdam
1101 2734 1134 2794 et
1167 2747 1272 2811 paene
1304 2726 1386 2795 fixas
1419 2729 1532 2814 figuras

411 2822 637 2890 declinationis
658 2823 818 2892 interdum
838 2846 983 2890 normam
998 2825 1223 2891 centractionis
1242 2824 1439 2893 immutasse.
1477 2828 1532 2893 hac

410 2919 495 2986 enim
520 2920 560 2986 de
575 2940 674 2987 causa
696 2942 724 2988 e.
739 2943 770 3005 g.
794 2915 893 2987 ὀστέα
916 2917 1029 2987 nonin
1045 2914 1154 3007 *ὀστῆ
1177 2922 1235 2988 sed
1257 2923 1290 2987 in
1307 2915 1401 2999 ὀστᾶ,
1425 2920 1530 3007 dulia

406 3014 475 3084 'non
498 3018 533 3084 in
554 3012 681 3083 *ἁπλαῖ
702 3020 761 3086 sed
782 3021 816 3085 in
832 3014 923 3105 ἁπλῆ
938 3026 1104 3085 contracta
1126 3038 1207 3100 esse,
1230 3038 1272 3085 ne
1293 3021 1531 3089 terminationes

409 3114 522 3180 harum
540 3114 714 3182 formarum
728 3118 762 3181 in
777 3116 943 3182 vocalibus
957 3118 1175 3183 contractione
1188 3115 1282 3181 factis
1298 3115 1530 3186 delitescerent.

409 3217 442 3276 et
469 3231 505 3277 re
526 3232 605 3279 vera
632 3213 694 3280 hoc
722 3214 862 3281 studium
883 3214 949 3279 vim
978 3233 1016 3278 ac
1044 3212 1309 3296 significationem
1338 3216 1531 3298 singularum

408 3307 582 3375 formarum
605 3310 780 3378 dilucidam
806 3311 956 3378 servandi
973 3311 1099 3377 Atticae
1122 3310 1250 3376 dialecti
1272 3330 1368 3392 quam
1398 3316 1532 3381 maxime

411 3408 574 3489 proprium
597 3407 708 3489 suite),
730 3408 816 3475 unde
838 3414 984 3492 apparet,
1007 3427 1103 3489 quam
1125 3408 1281 3490 singulari
1302 3408 1435 3491 ingenio
1458 3412 1533 3479 haec

410 3500 568 3569 dialectos
583 3524 604 3569 a
618 3511 735 3570 natura
749 3505 898 3589 praedita
912 3511 945 3571 et
959 3505 1089 3570 sublimi
1103 3504 1161 3586 illi,
1185 3504 1238 3587 qui
1260 3511 1374 3589 postea
1390 3508 1531 3585 effloruit,

412 3600 484 3665 usui
506 3600 659 3683 loquendi
682 3609 715 3668 et
736 3602 897 3668 scribendi
920 3621 1025 3685 paene
1039 3624 1060 3667 a
1074 3601 1232 3686 principio
1247 3601 1412 3670 destinata
1433 3605 1532 3672 fuerit.

411 3695 469 3761 sed
491 3705 525 3763 ut
547 3698 632 3764 hano
647 3698 794 3765 virtutem
811 3699 968 3782 exemplis
989 3699 1161 3781 analogiae
1182 3698 1313 3766 aliunde
1335 3699 1370 3765 in
1392 3702 1532 3785 linguam

411 3793 554 3859 ionicam
580 3796 753 3879 irrepentis
785 3803 818 3862 et
850 3816 920 3863 eam
948 3796 982 3861 in
998 3797 1150 3882 ¹Atticam
1178 3796 1331 3862 mutantis
1360 3798 1533 3883 Hemogius

411 3895 497 3955 recte
526 3889 803 3975 adnumeraverit,
836 3894 1044 3960 vehementer
1068 3912 1189 3959 vereor.
1243 3894 1305 3960 nisi
1330 3894 1422 3963 torte
1455 3897 1533 3973 hanc

388 4062 389 4066 ’
480 4058 514 4122 ²⁶}
530 4057 598 4112 haec
615 4073 699 4113 causa
716 4057 776 4125 luit,
796 4074 845 4114 eur
861 4059 1032 4125 Kuehnerus‚
1050 4057 1144 4122 ,Ausi
1163 4060 1318 4115 Gramm.“²
1334 4060 1356 4127 l,
1374 4078 1404 4131 p.
1423 4068 1471 4119 169
1481 4079 1533 4133 sqq.

411 4135 465 4191 duo
493 4152 595 4204 genere
620 4137 813 4194 contractionis
844 4139 1033 4209 distingueret,
1063 4140 1239 4208 phoneticum
1266 4146 1294 4196 et
1323 4144 1532 4211 grammaticum,

410 4230 508 4282 parum
531 4217 602 4285 aptis
626 4218 795 4283 nominibus,
822 4220 870 4275 sed
891 4235 960 4289 quae
982 4220 1112 4289 exemplis
1136 4222 1275 4277 commode
1297 4224 1457 4293 compositis
1478 4224 1495 4279 1.
1517 4223 1532 4277 l.

327 4319 331 4326 ·
410 4293 549 4350 illustrata
565 4297 627 4351 sint
974 4358 976 4362 ,
1045 4329 1047 4333 -
