3575 5334
669 698 701 752 de
720 698 801 768 alpha
817 698 959 752 intensive.
1335 696 1376 755 47

291 893 392 953 Ρ741
421 884 468 964 ὥς
490 888 551 969 μὲν
573 898 643 963 τοῖς
666 887 782 953 ἵππιον
805 911 841 952 τε
865 887 924 950 καὶ
946 883 1078 969 ἀνδρῶν
1102 885 1294 973 αἰχμητάων
1349 890 1353 914 “

422 981 579 1071 ἀζηχὴς
602 980 792 1068 δρομαγδδς
815 981 935 1069 ἐπήϊεν
958 982 1200 1066 ἐρχομένοισιν.

291 1125 324 1183 Δ
346 1124 409 1185 435
434 1116 504 1195 δϊες
527 1169 534 1184 .
558 1168 565 1183 .
590 1116 740 1204 ἀζηχὲς
762 1130 956 1200 μεμακυῖαι,

241 1268 304 1333 ubi
319 1268 418 1334 sohel.
431 1268 468 1331 V.
484 1262 755 1345 ἀκατάπαυστον,
772 1264 1010 1346 ἀδιαλείπτως,
1025 1269 1181 1349 συνεχῶς,
1196 1269 1256 1351 Ap.
1273 1273 1320 1350 11,
1335 1272 1377 1333 32

241 1362 398 1451 ἀδιηχές,
415 1359 644 1442 ἀδιάλειπτον,
662 1365 799 1450 Hesyoh.
814 1362 948 1452 ἀζηχές·
967 1365 1129 1451 διηνεκές,
1145 1361 1376 1445 ἀδιάλειπτον,

240 1458 501 1547 μεγαλόφωνον,
526 1458 670 1546 ίσχορόν.

296 1601 325 1665 O
350 1601 411 1663 658
435 1647 442 1662 .
466 1648 475 1662 .
498 1648 511 1664 ..
530 1596 680 1684 ἀζηχὲς
702 1596 764 1682 γὰρ
789 1594 953 1679 ὁμόκλεον
975 1595 1170 1683 ἀλλήλοισιν

242 1748 316 1813 soh.
339 1748 375 1811 B.
398 1747 435 1810 L.
469 1739 489 1833 ἢ
512 1746 587 1811 λίαν
611 1748 764 1833 σκληρῶς
787 1740 807 1832 ἢ
830 1742 1069 1824 ἀδιαλείπτως.

335 1845 508 1909 Translate
536 1843 655 1910 deinde
682 1845 742 1910 hoo
765 1846 957 1910 vocabulum
982 1846 1080 1909 etiam
1110 1844 1151 1910 de
1173 1844 1284 1912 dolore
1306 1846 1375 1911 ani-

243 1963 336 2007 mum
359 1940 540 2025 penetranti
563 1940 678 2007 dieitur

296 2096 325 2159 O
350 2098 389 2158 25
594 2091 652 2173 ἐμὲ
678 2091 711 2157 δ’
737 2088 812 2157 οὐδ’
838 2089 884 2168 ὥς
907 2093 1019 2172 θυμὸν
1043 2084 1131 2158 ἀνίει

425 2188 580 2277 ἀζηχὴς
604 2187 703 2277 ὀδύνη
724 2186 910 2274 Ἡρακλῆος
932 2193 1046 2255 θείοιο

245 2344 305 2412 ubi
327 2343 567 2409 Aristarcheam
596 2342 767 2408 lectionem
789 2342 825 2406 F.
849 2307 1043 2407 As'Woltius
1071 2342 1208 2407 restituit
1236 2363 1256 2407 a
1285 2345 1375 2410 nullo

245 2443 373 2511 editore
405 2459 491 2505 nuno
522 2460 587 2503 non
620 2446 793 2522 receptam.
848 2439 929 2505 Inde
963 2424 1100 2521 denique
1131 2439 1222 2505 fluxit
1258 2441 1376 2522 signifi·

246 2541 332 2608 eatio
355 2538 488 2618 assidui,
511 2537 663 2617 continui,
687 2557 751 2601 non
774 2536 957 2616 intermissi,
981 2556 1075 2617 quam
1099 2537 1200 2603 habes
1224 2561 1245 2603 σ
1268 2544 1286 2605 3

602 2672 686 2753 μετὰ
711 2670 745 2737 δ’
770 2672 898 2755 ἔπρεπε
921 2677 1059 2756 γαστέρι
1082 2670 1192 2759 μάργῃ

425 2765 572 2849 ἀζηχὲς
596 2775 747 2855 φαγέμεν
770 2771 828 2833 καὶ
850 2767 972 2849 πιέμεν
1015 2758 1019 2764 ’

248 2908 312 2975 seh.
348 2903 386 2971 Ο.
422 2903 590 2990 διηνεκές,
628 2900 857 2969 ἀδιάλειπτον.
910 2904 1059 2970 Veterum
1096 2907 1374 2986 grammaticorum

248 3002 483 3089 explicationes
514 3022 554 3067 ex
584 3004 633 3066 Et.
656 3003 697 3066 M.
721 3002 858 3083 aliisque
886 3002 1028 3067 fontibus
1050 3003 1200 3083 quoniam
1228 3012 1375 3086 repetere

248 3102 373 3182 taedet,
403 3119 499 3163 unam
529 3098 663 3164 sufficiat
691 3119 938 3164 commemorare
963 3099 1124 3181 plerisque
1146 3100 1243 3164 etiam
1266 3120 1393 3166 recen.

248 3198 381 3265 tioribus
406 3196 635 3280 interpretibus
657 3197 824 3280 probatam
848 3216 911 3277 qua
937 3192 1057 3281 ἀζηχές
1080 3202 1129 3260 est
1149 3216 1206 3278 pro
1229 3191 1374 3277 ἀδιεχές.

249 3297 337 3362 Nihil
361 3295 450 3359 valet
471 3294 504 3357 in
530 3294 592 3359 hae
614 3293 801 3376 quaestione
826 3295 936 3374 glossa
958 3292 1108 3374 Hesyohii
1132 3312 1152 3356 a
1174 3293 1374 3375 Diogeniano

249 3395 357 3460 aliena
385 3411 481 3473 quam
507 3390 624 3456 Suidas
647 3411 772 3474 quoque
795 3391 926 3456 exhibet
949 3388 988 3454 de
1011 3389 1112 3454 torma
1138 3386 1285 3470 ἀδιεχές,
1314 3413 1375 3459 nee

249 3490 425 3574 probarunt
448 3487 532 3570 quod
554 3488 645 3552 nulla
667 3508 815 3553 sonorum
838 3487 1014 3552 mutatione
1037 3485 1104 3551 fieri
1132 3488 1235 3570 potuit
1255 3488 1373 3555 laetum

249 3594 357 3652 tamen
386 3604 458 3650 esse
485 3586 539 3649 vel
568 3585 765 3667 Lebeolrius,
796 3585 883 3669 path.
913 3584 1005 3668 proll.
1035 3588 1096 3650 336
1124 3586 1176 3650 vel
1202 3586 1374 3672 Benfeyus,

249 3684 309 3750 lex.
326 3682 397 3747 rad.
414 3681 430 3745 I
446 3684 507 3746 358
531 3682 582 3747 vel
599 3683 731 3761 Pettius,
756 3689 877 3764 quaest.
894 3689 935 3747 et.
951 3681 1000 3745 ΙΙ1
1016 3684 1079 3745 204
1102 3681 1153 3745 vel
1175 3682 1375 3752 Duentzerus

250 3779 289 3844 ad
313 3802 334 3844 σ
357 3782 375 3842 3
399 3778 450 3842 vel
474 3779 539 3843 alii.
578 3778 673 3845 Unde
696 3779 780 3844 enim
803 3805 822 3864 η
846 3779 928 3843 illud
950 3786 1060 3844 natum
1083 3778 1147 3843 sit?
1176 3801 1252 3844 num
1276 3783 1372 3874 etiam

251 3896 287 3941 ex
320 3875 378 3941 δία
408 3881 440 3939 et
468 3873 532 3955 ’ίχιο
562 3896 701 3957 unquam
725 3878 777 3941 vel
802 3873 891 3963 δήχιο
916 3876 967 3941 vel
998 3874 1084 3962 ζηχω
1107 3875 1278 3942 conflatum
1302 3880 1375 3944 est?

250 3972 315 4039 Nee
350 3971 492 4056 proiecto
521 3974 687 4058 quisquam
716 3973 749 4037 in
780 3992 851 4037 eum
881 3971 1029 4037 inciderit
1058 3992 1195 4038 errorem
1229 3995 1290 4055 quo
1319 3976 1374 4040 de·

251 4078 358 4152 oeptus
381 4069 572 4152 Apollonius
595 4068 697 4135 Rhod.
715 4071 790 4152 Arg.
807 4071 896 4133 1199
919 4070 1044 4151 seripsit
1068 4068 1208 4151 κορύνας
1231 4064 1373 4154 ἀζηχέας

252 4186 303 4248 pro
327 4160 488 4246 ἀζαλέας,
512 4166 658 4231 nimirum
683 4167 757 4248 quia
783 4187 860 4232 suae
882 4166 998 4231 aetatis
1019 4166 1218 4248 grammatici
1241 4166 1370 4246 quidam

253 4260 369 4351 ἀζηχής
402 4283 423 4326 a
457 4264 586 4329 nomine
616 4261 677 4351 ἀζη
715 4263 913 4340 derivarent,
952 4264 1094 4346 ineptam
1123 4264 1212 4327 illam
1241 4262 1370 4342 quidem
