3575 5334
329 690 393 755 386
827 690 973 746 Becbstein
1036 746 1038 750 ,

332 867 489 951 posterior
518 864 663 948 putanda
691 864 747 946 sit;
776 883 814 928 ac
841 864 946 946 potius
969 865 1052 929 hano
1075 884 1116 929 ex
1136 864 1195 929 illa
1216 867 1263 930 ita
1285 867 1456 949 prolectam

331 983 404 1031 esse
432 963 596 1040 existimo,
630 968 665 1026 ut
693 961 752 1024 illa
783 961 870 1026 notio
900 961 1009 1027 damni
1036 962 1187 1029 universa
1215 965 1311 1029 certis
1346 963 1456 1039 finibus

330 1068 505 1144 cogeretur.

417 1160 445 1223 A
472 1159 603 1223 nomine
636 1160 780 1221 domnam
809 1157 955 1223 derivata
983 1163 1058 1221 sunt
1085 1158 1217 1221 verbum
1251 1166 1374 1225 causat
1406 1159 1456 1221 do-

332 1277 442 1319 moorc
469 1256 489 1319 i.
519 1274 547 1321 e.
578 1255 696 1320 damno
729 1253 855 1322 afficere
888 1256 1028 1336 aliquem
1057 1261 1089 1319 et
1120 1254 1186 1337 adj.
1216 1254 1365 1337 damnor,
1400 1277 1456 1339 quo

331 1353 438 1433 illam,
467 1373 563 1435 quam
585 1352 751 1435 probavit,
780 1353 921 1417 nominis
944 1353 1171 1435 etymologiam
1199 1353 1231 1428 (i.
1255 1372 1284 1417 e.
1307 1352 1347 1417 τὸ
1372 1352 1456 1418 διδό-

332 1459 441 1530 μενον)
470 1449 650 1515 oonfirmari
678 1470 740 1531 quo
764 1450 838 1532 jure
866 1449 984 1515 dixerit
1004 1449 1127 1514 Pottius
1150 1450 1182 1526 (l.
1206 1450 1240 1524 l.)
1271 1451 1455 1535 intellegere

331 1568 399 1613 non
427 1567 565 1631 possum.
595 1582 637 1591 -
665 1545 757 1625 Quod
787 1548 977 1612 vocabulum
1000 1553 1049 1612 cst
1077 1554 1158 1629 part.
1181 1547 1260 1629 peri.
1284 1547 1392 1612 suffixi
1412 1559 1454 1609 ·to

332 1645 437 1710 vocali
461 1665 479 1706 0
502 1644 601 1709 elisar
626 1643 844 1722 domna-tlara
864 1644 885 1709 i.
909 1664 936 1710 e.
958 1643 1002 1709 ad
1024 1644 1164 1725 aliquam
1187 1664 1254 1710 rem
1279 1644 1453 1725 damnatus,

332 1762 428 1823 quam
457 1742 491 1804 in
520 1761 586 1805 rem
614 1740 695 1807 haec
723 1742 756 1805 in
782 1742 1054 1824 comparationem
1083 1760 1195 1806 vocem
1224 1744 1373 1807 nomina:
1409 1765 1456 1805 ro·

332 1842 429 1916 ao(t)s
443 1874 484 1898 -.
499 1848 636 1911 ruamur,
659 1827 841 1917 monebatis
858 1874 896 1884 -
911 1848 1098 1911 moraretur,
1114 1837 1307 1921 locu-plo(th
1318 1876 1361 1885 -
1376 1840 1454 1903 loco-

327 1936 434 2019 pletor
457 1942 499 2008 (v.
523 1934 723 2018 Corssenum,
747 1938 795 2001 kr.
819 1937 943 2003 nacbtr.
969 1957 1000 2018 p.
1024 1940 1085 2000 253
1101 1938 1194 2017 sqq.).

335 2060 337 2064 ·
418 2033 615 2098 Vocabulum
631 2034 761 2097 domnos
781 2034 1010 2100 indeclinabile
1032 2034 1094 2099 nisi
1116 2034 1149 2097 in
1165 2033 1309 2099 formulis
1332 2037 1454 2118 quibus·

333 2130 408 2195 dam
436 2150 501 2195 uon
530 2131 717 2198 adhibetur:
747 2131 825 2195 dore
847 2132 977 2196 domnos
998 2142 1079 2205 esto,
1104 2131 1183 2194 darc
1205 2131 1336 2194 damnor
1357 2141 1452 2193 sunto.

418 2228 528 2293 Altero
543 2229 614 2294 loco
636 2237 773 2313 ponatur
795 2230 1006 2313 adjectivum:
1032 2230 1183 2311 pominus,
1208 2227 1294 2309 quod
1316 2228 1455 2311 Boppius

331 2330 390 2409 (gr.
410 2346 513 2408 comp.
536 2327 595 2409 112,
619 2330 692 2406 327)
714 2348 786 2394 esse
807 2335 888 2411 part.
912 2327 1029 2392 radicis
1050 2347 1124 2408 pen-
1146 2325 1272 2391 statuit:
1296 2346 1339 2391 ex
1362 2326 1454 2409 *gen-

332 2424 433 2485 mz‘oor
461 2424 513 2488 vel
544 2424 755 2507 *poni-mrbus
788 2426 879 2507 quasi
907 2431 1096 2489 truncatum.
1152 2422 1244 2503 Quod
1280 2443 1347 2488 non
1376 2431 1455 2488 recte

333 2544 404 2590 esse
426 2521 605 2604 conjectum
635 2523 711 2588 inde
739 2523 927 2606 intellegas,
961 2521 1046 2605 quod
1077 2540 1118 2585 ex
1146 2528 1227 2603 part.
1259 2519 1455 2603 *poa-mrbus

332 2629 388 2685 aut
415 2622 578 2686 literarum
601 2641 621 2681 n
648 2627 679 2685 et
700 2642 730 2682 m
752 2619 985 2686 assimilatione
1013 2617 1207 2701 *geminiano
1232 2623 1289 2682 aut
1318 2638 1455 2684 consona

332 2718 487 2782 comissa
508 2717 630 2781 vocalis
644 2738 661 2779 e
677 2716 884 2799 productione
904 2718 1043 2800 pominus
1060 2715 1126 2782 fieri
1150 2716 1299 2795 debebat,
1319 2718 1456 2797 geminos

334 2833 411 2879 vero
437 2814 582 2878 vocalem
605 2814 775 2880 ebrevem
804 2816 992 2899 praebet⁴²t.'
1032 2815 1157 2878 Dixerit
1183 2815 1281 2895 igitur
1302 2814 1456 2897 quispiam

334 2911 401 2993 adj.
428 2911 566 2994 piraticos
592 2932 657 2975 non
688 2931 728 2977 ex
760 2913 827 2979 rad.
857 2934 931 2995 gen·
959 2912 1016 2977 sed
1046 2932 1086 2977 ex
1113 2911 1182 2975 rad.
1210 2932 1265 2993 pc·
1300 2913 1359 2991 (gr.
1390 2933 1458 2991 yar-2

334 3006 506 3093 γε-γα-ώς,
530 3006 720 3093 γε-γά-ἇαι,
744 3008 923 3093 popa-oa)
945 3010 1124 3076 derivatum
1147 3028 1229 3091 esse,
1253 3010 1342 3076 unde
1365 3033 1458 3095 supra

333 3128 364 3190 p.
389 3110 450 3173 352
473 3105 611 3172 vidimus
633 3108 825 3172 vocabulum
846 3106 1028 3191 indi-petes
1054 3108 1209 3189 originem
1232 3107 1376 3175 duxisse.
1419 3113 1458 3173 At

334 3205 387 3287 qui
413 3203 482 3269 fieri
510 3204 653 3286 potuisse
682 3205 739 3269 tibi
762 3204 904 3284 videtur,
933 3212 968 3269 ut
995 3204 1141 3270 homines
1172 3204 1233 3269 duo
1263 3225 1329 3269 non
1359 3209 1457 3273 solum

334 3303 375 3367 ab
405 3301 519 3367 eadem
544 3309 661 3384 matre,
693 3302 753 3368 sed
781 3302 879 3367 etiam
908 3323 971 3367 uno
999 3308 1094 3384 partu
1123 3302 1221 3384 geniti
1249 3305 1409 3384 geminii.
1433 3326 1459 3369 e.

335 3398 509 3465 secundum
537 3399 621 3464 hanc
649 3399 877 3484 etymologiam
905 3400 1006 3481 pecati
1036 3398 1238 3465 dicerentur?
1291 3401 1385 3467 Hanc
1416 3402 1458 3467 in·

336 3497 443 3562 duisse
471 3496 536 3559 vim
565 3503 645 3578 part.
673 3498 811 3579 gimiaco
838 3516 935 3579 quum
962 3498 1017 3561 vix
1039 3496 1193 3563 credibile
1216 3496 1273 3572 sit,
1304 3520 1370 3564 non
1394 3501 1457 3566 sine

280 3668 282 3673 A
334 3593 481 3659 veritatis
503 3592 610 3674 specie
631 3594 753 3660 Pottios
775 3593 835 3673 (W.
860 3594 902 3676 II,
926 3598 955 3675 2,
979 3597 1031 3670 53)
1056 3594 1122 3677 adj.
1143 3595 1285 3677 geminas
1306 3614 1379 3661 cum
1402 3617 1455 3663 scr.

326 3692 430 3775 joma,
444 3689 581 3773 jdmooo
603 3691 634 3766 (i.
659 3711 686 3757 e.
709 3693 764 3775 qui
786 3691 926 3773 cohibiti,
950 3691 1112 3774 conjuncti
1135 3692 1187 3757 vel
1210 3689 1355 3775 copulati
1377 3700 1455 3769 sunt)

335 3808 356 3852 a
383 3786 451 3851 rad.
473 3786 546 3869 jam
574 3788 751 3872 (cohibere,
789 3790 962 3865 refrenare)
997 3789 1091 3853 ducto
1121 3790 1297 3856 contulisse
1325 3792 1455 3858 videtur.

334 3884 505 3949 Consonae
525 3883 550 3965 j
571 3883 604 3949 in
627 3908 647 3969 9
669 3894 811 3953 mutatae
838 3906 955 3970 graeca
983 3892 1068 3952 certe
1091 3887 1241 3970 exempla
1263 3896 1395 3955 exstare
1416 3890 1473 3952 vi.

334 3981 452 4045 deutur
467 3972 629 4061 ἇπόγεμε·
653 3979 775 4067 ἄφελκε
790 3984 946 4069 Hesych.;
969 3978 1123 4068 r‘r'yyopog·
1144 3982 1291 4068 συλλαβή
1309 3986 1454 4072 Ηθεγοὴ.,

405 4199 438 4264 ⁴2)
457 4198 497 4253 or.
515 4200 630 4267 exempli
646 4202 747 4267 paca:
766 4203 843 4257 oar.
861 4165 923 4257 ma.
942 4201 1016 4266 vm,
1034 4206 1095 4255 sor:
1116 4200 1287 4271 Tyndarida}
1303 4211 1407 4271 qimam.
1424 4225 1455 4241 -

334 4274 420 4331 Falso
437 4278 519 4347 igitur
541 4275 639 4347 legitur
655 4281 684 4334 in
700 4282 800 4351 Boppii
820 4298 904 4350 gram.
924 4297 1010 4351 comp.
1029 4281 1089 4348 111²,
1112 4298 1137 4349 p.
1160 4286 1206 4335 170
1225 4297 1302 4336 anm:
1331 4284 1454 4353 pominus·
