3575 5334
711 697 745 751 de
762 696 843 765 alpha
859 696 1001 751 intensive.
1374 694 1414 754 55

291 871 487 954 parabimus,
511 869 595 951 quod
618 868 779 952 proprium
802 868 931 951 quidem
954 868 1131 951 praefixum
1146 868 1340 933 intensivum
1363 886 1418 932 ex·

290 968 480 1050 cogitabant
501 967 574 1049 sed,
597 986 707 1032 verum
730 967 756 1032 si
780 966 970 1048 quaerimus,
993 986 1013 1030 a
1034 966 1186 1047 negativo
1207 965 1264 1029 illo
1286 965 1417 1031 minime

291 1066 466 1130 diversum.
496 1062 608 1143 Quid?
629 1063 715 1146 quod
736 1069 783 1128 tot
802 1064 961 1128 vocabula
982 1064 1096 1128 scabra
1110 1062 1248 1144 quadam
1270 1062 1417 1144 robigine

291 1162 374 1227 adeo
390 1161 532 1227 obducta
545 1169 629 1241 sunt,
641 1168 678 1226 ut
691 1180 799 1227 eorum
815 1160 971 1242 originem
987 1179 1028 1225 ne
1043 1181 1101 1225 nos
1116 1160 1244 1242 quidem
1256 1158 1416 1242 probabili

290 1260 479 1342 conjectura
500 1258 628 1341 assequi
649 1258 817 1341 possimus,
840 1256 958 1322 nedum
981 1264 1106 1323 veteres
1128 1256 1298 1340 potuerint.
1342 1257 1417 1321 Alia

291 1377 372 1423 sane
400 1365 466 1421 tam
494 1356 621 1422 facilem
653 1355 774 1420 babent
805 1354 1019 1434 intellectum,
1053 1362 1088 1419 ut
1119 1355 1272 1421 mirarere
1302 1374 1357 1419 cur
1387 1354 1415 1419 is

291 1473 364 1518 cum
386 1461 513 1521 veteres
534 1455 725 1536 interpretes
747 1454 861 1518 lateret
882 1458 948 1516 tum
975 1454 1182 1533 recentiores,
1215 1452 1277 1517 nisi
1305 1458 1414 1516 notum

292 1559 394 1630 esset,
429 1558 550 1632 quanta
577 1570 615 1616 ac
640 1569 744 1634 paene
774 1550 878 1615 dicam
907 1570 1002 1631 quam
1031 1551 1188 1616 effrenata
1213 1550 1415 1632 conjectandi

289 1649 428 1714 libidine
449 1649 498 1713 illi
518 1647 814 1729 inquaestionibus
837 1647 1057 1731 etymologicis
1079 1654 1251 1713 uterentur.

377 1746 485 1811 Etiam
521 1745 603 1810 illud
639 1764 680 1810 ex
716 1745 934 1828 disputatione
964 1750 1074 1809 nostra
1108 1744 1296 1828 apparuisse
1332 1744 1416 1809 arbi·

289 1848 422 1923 tuemur,
451 1863 545 1925 quam
569 1842 705 1909 diversis
726 1843 788 1907 viis
816 1842 926 1925 populi
954 1841 997 1905 ad
1019 1842 1212 1906 intensivam
1240 1841 1413 1924 notionem,

290 1941 319 2004 si
350 1939 398 2005 ita
430 1960 581 2023 magnam
618 1939 883 2021 significationum
918 1939 1107 2003 varietatem
1143 1938 1414 2021 comprehendere
1528 1986 1531 1994 -

290 2037 382 2119 licet,
421 2038 635 2120 pervenerint.
686 2036 739 2101 Sic
774 2036 912 2099 Romani
946 2033 1120 2118 praefixum
1153 2037 1338 2118 negativum
1370 2034 1414 2100 ad

289 2134 474 2217 augendam
489 2135 553 2199 vim
577 2132 800 2199 vocabulorum
824 2140 889 2197 non'
904 2130 1128 2212 adhibuerunt,
1151 2132 1262 2197 Celtae
1283 2132 1414 2197 omnino

289 2232 481 2313 amiserunt,
518 2231 643 2314 utrique
675 2237 782 2295 autem
813 2232 844 2291 iu
880 2229 1118 2313 praepositione
1154 2249 1282 2311 prorsus
1318 2228 1414 2294 simili

289 2329 416 2394 ratione
447 2328 628 2394 utebantur.
673 2327 741 2391 Nec
772 2333 881 2392 tamen
920 2326 1055 2390 Latinae
1090 2326 1221 2407 linguae
1257 2325 1415 2407 particula

289 2425 444 2507 negativa
472 2425 612 2491 defuisse
640 2422 768 2489 videtur
795 2443 878 2506 quae
904 2423 1064 2488 contrario
1093 2441 1189 2487 sensu
1211 2428 1243 2486 et
1264 2422 1414 2503 negative

289 2530 323 2587 et
344 2522 506 2589 intensive
528 2527 742 2604 usurparetur,
773 2522 799 2586 si
828 2522 916 2603 ipsos
937 2519 1084 2585 audimus
1105 2520 1331 2601 grammaticos
1354 2521 1414 2584 Ro-

290 2640 414 2685 manos.
470 2620 520 2681 Vc
541 2620 621 2681 euim
641 2619 819 2696 Particula,
849 2618 973 2683 Gellius
999 2617 1101 2698 inquit
1124 2616 1161 2694 V,
1188 2620 1242 2696 12,
1266 2619 1300 2696 9,
1334 2637 1414 2700 quac

290 2720 322 2779 iu
345 2718 417 2780 aliis
439 2725 532 2799 atque
554 2716 624 2778 aliis
645 2715 802 2779 uocabulis
823 2716 928 2792 uaria,
953 2724 1015 2776 tum
1035 2736 1096 2797 per
1117 2713 1174 2775 has
1196 2714 1273 2776 aluus
1294 2714 1413 2793 literar,

260 2824 354 2905 ‘tum
385 2835 405 2876 a
439 2814 534 2875 litera
560 2812 662 2875 media
696 2813 830 2874 immissa
860 2812 983 2888 dicitur,
1023 2811 1175 2894 duplicem
1208 2810 1413 2894 m‘guificutum

290 2911 481 2993 eundemque
501 2911 584 2972 iuter
605 2930 671 2972 scae
693 2909 847 2971 diuersum
870 2909 962 2991 capit.
1011 2914 1058 2972 10.
1092 2907 1177 2969 Nam
1203 2918 1236 2969 et
1256 2908 1414 2990 augendae

290 3013 340 3070 rei
361 3017 395 3069 et
414 3005 596 3068 minueradue
618 3008 708 3081 calet,
733 3006 826 3067 sicuti
846 3006 927 3067 aliae
947 3006 1122 3087 particulae
1141 3006 1315 3088 plurimae,-
1336 3026 1414 3088 pro·

289 3114 364 3187 pter
385 3104 471 3188 quod
490 3104 611 3174 accidit,
634 3112 671 3165 ut
697 3102 846 3185 quaedam
868 3101 1016 3163 cocubalo
1039 3101 1148 3184 quibus
1167 3102 1324 3184 particula
1353 3102 1413 3162 ista

290 3202 500 3285 praeponitur
534 3200 676 3283 ambigua
707 3201 769 3261 aiut
800 3209 831 3261 et
857 3208 1112 3282 utroqueversum
1142 3198 1295 3273 dicautur,
1329 3197 1414 3258 uelut

291 3301 510 3375 ,urescum“,'
530 3300 723 3374 ,aameue“
752 3305 784 3357 et
811 3294 1063 3378 ,uepraude“,
1099 3293 1137 3355 rie
1166 3293 1275 3377 qulbus
1296 3294 1358 3356 alio
1380 3296 1413 3355 iu

291 3397 361 3457 loca
391 3394 536 3458 uberiore
564 3404 701 3457 tractatu
719 3392 816 3474 facta
845 3393 1073 3463 admonuimus,-
1107 3392 1283 3468 ,cescui“
1312 3400 1413 3453 autem

291 3503 323 3554 et
350 3492 587 3570 ,uecordes“
615 3513 659 3553 aar
687 3512 747 3552 uua
776 3500 893 3552 tautum
920 3500 1015 3573 parte
1042 3490 1132 3566 dicti,
1155 3509 1235 3572 quae
1256 3489 1414 3570 privativa

290 3600 352 3667 ert,
382 3608 475 3673 quam
507 3586 626 3651 Gracci
655 3585 740 3652 uacci
770 3587 929 3672 στέρησιν
958 3588 1072 3649 dicuat.
1119 3590 1166 3649 11.
1206 3584 1413 3648 Simulacrum

291 3688 389 3769 ipitur
412 3686 464 3747 dei
489 3685 697 3769 Vedijauie
724 3684 809 3768 quod
829 3694 877 3745 est
898 3687 928 3746 iu
958 3684 1050 3761 aede,
1081 3683 1119 3745 ale
1140 3702 1203 3767 qua
1223 3705 1321 3767 supra
1344 3683 1416 3746 ulai

290 3786 423 3865 sagittae
445 3792 542 3855 leuet,
574 3804 654 3863 quac
674 3792 748 3844 suut
766 3781 909 3844 uidelicet
934 3791 1048 3864 partae
1070 3781 1113 3843 ad
1138 3781 1318 3845 nocendum.
1366 3786 1413 3847 12.

294 3879 497 3964 Quapropter
527 3900 594 3941 eum
623 3879 712 3941 deum
738 3880 922 3962 plerumque
949 3878 1125 3960 Apollinem
1155 3900 1220 3939 esee
1248 3878 1413 3951 delaceratam

291 3979 532 4060 immolaturque
553 3978 618 4037 ritu
640 3976 773 4050 huruuua
796 3997 894 4060 capra
916 3974 1045 4059 ejusque
1067 3977 1209 4038 animalis
1228 3975 1413 4058 fipmeutum

283 4076 386 4159 jurata
408 4075 609 4137 simulacrum
631 4082 703 4136 stat.

377 4175 451 4239 Alio
474 4174 545 4236 loco
568 4171 692 4235 Gellius
715 4170 756 4235 de
782 4168 905 4251 or'gine
929 4189 968 4234 ac
993 4169 1223 4251 significatione
1248 4166 1335 4230 vocis
1362 4187 1413 4227 ae·

291 4270 434 4334 stitutum
457 4269 526 4352 agit
546 4268 709 4349 falsosque
731 4285 802 4331 esse
823 4286 878 4331 eos
907 4268 1021 4349 probat
1047 4266 1100 4347 qui
1128 4262 1327 4329 vestibulum·
1342 4280 1413 4324 cum
