3575 5334
333 714 397 773 134
828 710 968 764 Merzdori

334 908 460 955 cursum
482 886 618 951 alterum
641 908 656 949 ε
680 884 830 950 extritum
853 903 925 950 csse
949 884 1011 950 sibi
1037 881 1245 967 persuadeat,
1276 886 1459 966 euphoniae

331 1005 450 1065 causa,
483 982 533 1048 cui
560 1002 625 1045 non
655 982 789 1046 multum
822 980 1026 1047 tribuendum
1056 981 1166 1047 estin
1195 980 1256 1046 hac
1288 981 1429 1048 dialecto
1437 987 1458 1064 “,

335 1081 560 1148 Bredovius
597 1101 629 1163 p.
661 1084 736 1144 190:
789 1079 952 1156 ,Ionicam
996 1078 1173 1144 orationem
1213 1080 1459 1145 collocationem

330 1201 443 1247 earum
465 1177 625 1243 vocalium
648 1178 701 1242 vel
722 1178 845 1243 vocalis
867 1183 899 1242 et
922 1176 1130 1261 diphthongi,
1161 1195 1242 1258 quas
1263 1176 1322 1241 alii
1344 1177 1459 1242 Graeci

331 1279 368 1344 in
389 1297 486 1343 unam
509 1274 744 1340 contrahebant
765 1275 937 1358 syllabam,
959 1274 1122 1358 propriam
1144 1274 1207 1340 sibi
1227 1274 1406 1357 sumpsisse
1427 1275 1458 1340 iu

333 1376 451 1457 vulgus
474 1377 524 1438 est
546 1377 688 1436 notum.“
718 1372 884 1437 Ktlhner
906 1393 935 1436 a.
959 1373 997 1439 G.
1020 1373 1053 1435 1²
1073 1393 1106 1455 p.
1132 1376 1191 1437 165
1213 1371 1259 1435 ita
1282 1373 1458 1454 eloquitur:

334 1472 417 1549 „Die
440 1470 588 1535 lonische
610 1469 760 1535 Mundart
790 1471 846 1535 hat
875 1472 948 1535 eine
969 1489 1080 1552 grosse
1103 1468 1252 1534 Vorliehe
1280 1468 1332 1534 ihr
1354 1470 1458 1535 offeue

333 1570 471 1635 Formen
500 1566 567 1631 und
597 1567 669 1631 eine
697 1587 807 1648 grosse
828 1567 1022 1650 Abneigung
1049 1586 1153 1650 gegen
1181 1565 1234 1631 dIe
1261 1585 1459 1632 zusammen-

334 1669 550 1748 gezogenen“,
574 1684 605 1746 p.
625 1667 700 1728 167:
724 1666 813 1741 ,Das
828 1665 964 1731 Streben
988 1664 1045 1730 dos
1066 1683 1171 1730 neuen
1193 1664 1354 1729 Ionismus
1376 1664 1457 1729 nach

334 1763 463 1828 offenen
481 1760 593 1826 Silben
615 1762 693 1843 geht
714 1782 749 1827 sc
772 1763 857 1843 weit,
881 1762 957 1828 dass
979 1782 1014 1827 er
1035 1783 1130 1846 sogar
1151 1763 1248 1843 lange
1270 1760 1383 1842 haute,
1408 1761 1459 1827 die

333 1860 401 1927 sich
425 1861 469 1923 im
492 1858 713 1924 Altionischen
735 1860 789 1925 nie
812 1861 972 1942 ausgeldst
993 1860 1118 1941 finden,
1141 1860 1175 1924 in
1195 1858 1266 1923 ihre
1288 1858 1458 1923 einiachen

335 1956 580 2023 Bestandtheile
609 1957 816 2034 aulldst.“(!!)
867 1958 981 2041 Neque
1003 1958 1186 2024 Sicinius
1214 1956 1309 2022 aliter
1339 1956 1458 2021 sentire

333 2056 476 2135 videtur,
507 2074 576 2119 cum
600 2054 632 2119 in
661 2055 760 2139 praef.
790 2077 821 2138 p.
843 2056 993 2121 XXXIII
1020 2056 1107 2120 dicat
1132 2054 1205 2137 ipsa
1232 2053 1359 2119 ratione
1386 2074 1458 2118 con·

333 2160 421 2220 stare
444 2171 525 2230 ,nec
546 2152 745 2218 contraxisse
768 2153 965 2218 Herodotum
988 2173 1047 2218 nec
1068 2150 1266 2217 imminuisse
1288 2152 1457 2219 verborum

334 2251 452 2317 formas
476 2250 508 2313 in
533 2272 605 2314 εεαι
628 2256 812 2317 exeuntes“.

418 2348 509 2412 Hanc
542 2348 726 2427 generalem
755 2350 900 2430 regulam
927 2347 961 2412 in
989 2347 1173 2413 universum
1200 2346 1246 2411 sic
1274 2353 1362 2412 stare
1393 2368 1463 2427 non·

332 2465 429 2529 posse
458 2451 489 2509 et
510 2443 605 2508 Iones
634 2445 767 2510 nimium
796 2446 955 2510 vocalium
983 2463 1170 2510 concursum
1199 2464 1264 2508 non
1286 2444 1457 2510 adamasse

226 2587 233 2601 .
332 2542 427 2608 facile
456 2548 504 2606 est
534 2539 713 2608 ostendere.
759 2543 930 2621 Quaeritur
960 2542 1001 2607 de
1021 2542 1275 2607 concurrentium
1298 2542 1456 2607 vocalium

331 2639 479 2721 inprimis
507 2636 548 2701 de
576 2639 689 2719 prioris
717 2646 847 2719 natura,
876 2647 981 2704 utrum
1010 2638 1118 2704 brevis
1146 2658 1189 2703 an
1216 2639 1316 2721 longa
1345 2659 1388 2704 an
1414 2640 1457 2706 di·

332 2735 532 2819 phthongus,
562 2742 665 2799 utrum
689 2761 710 2799 o
732 2758 775 2802 an
798 2761 813 2802 ε
836 2757 879 2802 an
905 2760 923 2801 o
945 2736 1040 2802 fuerit
1068 2741 1154 2812 (nam
1183 2736 1298 2801 molles
1326 2739 1455 2804 vocales

333 2831 492 2915 respicere
520 2849 600 2913 opus
628 2852 693 2896 non
722 2841 786 2914 est,
820 2843 855 2899 ut
881 2854 965 2918 quae
993 2853 1063 2898 cum
1093 2833 1207 2899 ceteris
1235 2834 1357 2916 optime
1386 2856 1455 2902 con-

333 2933 473 3013 gruant),
496 2929 658 3009 quaeritur
680 2929 776 2995 etiam
800 2931 840 2997 de
862 2950 995 2997 numero
1017 2931 1175 2995 vocalium
1192 2934 1456 2998 concurrentium.

381 3041 383 3045 “
418 3026 598 3107 Antequam
628 3034 734 3092 autem
763 3028 867 3111 ipsam
897 3028 938 3094 de
960 3028 1118 3093 vocalium
1147 3026 1235 3111 apud
1257 3028 1456 3094 Herodotum

332 3143 488 3190 concursu
507 3125 807 3190 commentationem
829 3126 1009 3209 aggrediar,
1032 3144 1195 3209 perpauca
1215 3126 1249 3188 in
1271 3126 1457 3192 universum

302 3223 575 3310 'praemonenda
608 3230 692 3288 sunt.
743 3224 886 3306 Linguas
919 3223 1198 3305 indogermanicas
1227 3222 1253 3287 si
1285 3225 1458 3304 perlustra·

331 3325 471 3388 venimus
478 3371 486 3404 ,
517 3321 676 3386 vocalium
704 3322 789 3386 intra
811 3322 905 3387 unius
927 3320 1018 3385 verbi
1041 3321 1179 3403 spatium
1208 3320 1457 3388 cumulationem

332 3424 420 3497 (nam
444 3417 484 3483 de
506 3417 568 3482 hac
589 3418 659 3481 sola
680 3419 797 3499 agitur)
820 3439 892 3483 raro
914 3424 1038 3482 tantum
1053 3416 1222 3482 admisisse
1244 3417 1456 3485 invenIemus.

332 3516 361 3580 E
383 3515 495 3596 lingna
516 3514 688 3595 sanscrita,
718 3515 745 3579 si
768 3516 941 3581 dialectum
970 3514 1132 3595 vedioam,
1162 3514 1252 3597 cujus
1279 3515 1456 3583 innumeris

331 3611 411 3677 locis
434 3632 491 3694 pro
510 3610 535 3694 j
555 3617 587 3675 et
608 3633 625 3673 c
648 3613 662 3673 i
682 3618 713 3676 et
735 3632 755 3673 a
784 3612 998 3696 praebentis³i
1027 3612 1108 3676 ratio
1136 3612 1203 3676 alia
1231 3618 1295 3691 est,
1325 3613 1456 3680 missam

330 3709 482 3790 facimus,
513 3707 594 3773 duas
623 3714 747 3773 tantum
769 3730 865 3776 voces
887 3710 940 3774 hio
961 3710 1076 3774 afferre
1104 3729 1249 3792 possum,
1278 3710 1313 3773 in
1343 3712 1456 3793 quibus

332 3900 471 3955 mollitiem
488 3900 567 3954 Iones
585 3916 601 3954 a
620 3902 713 3955 talium
731 3901 878 3954 formarum
902 3901 1052 3969 prolatione
1076 3907 1107 3954 ut
1129 3897 1277 3969 θηιόμενοι
1297 3898 1457 3971 ἀγνοέοντες

221 4003 222 4007 ’
330 3978 472 4035 ἐποιέοντο
499 3979 693 4050 διανοέομενος
719 3982 879 4036 abhorrere“
908 3981 1051 4035 Abichtius
1075 3985 1188 4049 (quaest
1215 3980 1249 4035 de
1274 3980 1343 4039 dial..
1365 3984 1456 4040 harod.

331 4078 360 4131 p·
379 4066 422 4206 221
440 4061 595 4205 ἓξὲθὲοὶιιι,
614 4141 755 4206 Aufreoht,
774 4142 855 4208 Roth,
873 4142 1013 4197 Delbrt‘rclr
1031 4142 1077 4195 alii
1094 4146 1230 4208 statuunt,
1249 4143 1349 4212 quibus
1366 4151 1455 4201 tamen

329 4219 494 4354 ἒζΐέῃὶιέιοιιε
517 4222 629 4289 aliique,
655 4238 716 4274 cum
737 4222 842 4276 hiatum
865 4238 979 4291 prorsus
1000 4222 1141 4289 damnent,
1168 4238 1249 4291 quam
1274 4225 1393 4282 maxime
1414 4242 1454 4281 re·
