3575 5334
415 1703 544 1768 Atticae
567 1702 697 1768 dialecti
720 1705 860 1771 indolem
883 1713 915 1771 et
936 1712 1083 1771 naturam
1106 1726 1177 1772 cum
1199 1710 1330 1793 propria
1352 1711 1460 1795 dispu-

333 1800 455 1865 tatione
477 1801 734 1883 pertractandam
750 1802 827 1866 mihi
842 1822 1065 1887 proponerem,
1088 1825 1152 1870 non
1168 1804 1214 1868 fui
1235 1806 1365 1888 ignarus
1380 1810 1459 1891 iore,

333 1897 447 1978 quibus
475 1899 593 1964 veteris
620 1899 707 1965 illius
735 1897 852 1983 pluria'
877 1898 913 1976 ἐς
935 1895 1087 1985 Ἀθήνας
1116 1903 1276 1983 proverbii
1303 1904 1457 1972 invidiam

333 1993 401 2077 ipse
423 1995 501 2059 mihi
524 1995 664 2063 conflare
679 1998 806 2063 viderer
827 1996 924 2080 idque
939 1999 971 2061 in
988 2017 1028 2062 ea
1042 2018 1086 2080 re,
1109 1999 1252 2081 inquam
1269 2021 1334 2065 non
1355 2027 1458 2083 μετα-

333 2097 496 2174 φορικῶς,
519 2099 554 2157 ut
575 2113 674 2178 saepe
689 2095 733 2176 tit,
756 2095 837 2160 illud
853 2094 992 2176 caderet,
1015 2094 1072 2160 sed
1095 2115 1176 2176 quae
1190 2095 1263 2178 ipsa
1284 2104 1350 2161 tam
1374 2108 1458 2166 esset

332 2189 453 2270 Attica,
488 2196 522 2253 ut
550 2192 609 2257 uisi
637 2192 830 2258 invitissima
857 2192 1004 2256 Minerva
1031 2192 1191 2257 bubonem
1221 2194 1249 2258 ei
1279 2193 1457 2277 impingere

332 2303 425 2350 nemo
449 2295 566 2370 posset.
597 2294 740 2355 attamen
757 2290 810 2372 qui
825 2308 929 2354 rerum
943 2289 1220 2370 grammaticarum
1244 2291 1337 2372 periti
1354 2300 1455 2377 erunt,

331 2382 425 2448 facile
447 2384 625 2452 concedent
646 2408 711 2452 non
739 2408 868 2470 prorsus
898 2402 1168 2469 supervacaneam
1192 2406 1262 2452 esse
1284 2391 1457 2455 accuratio-

331 2500 397 2545 rem
429 2482 470 2546 de
499 2482 636 2548 dialecto
659 2485 765 2549 Attica
794 2485 1025 2567 quaestionem.
1072 2503 1148 2547 nam
1176 2492 1345 2567 postquam
1374 2506 1456 2552 com·
1488 2521 1491 2525 ·

331 2579 478 2661 parativo
501 2580 679 2662 linguarum
695 2582 800 2647 studio
816 2582 960 2647 Graecae
976 2599 1101 2663 quoque
1122 2583 1349 2663 grammaticae
1371 2605 1457 2651 nova

331 2677 386 2739 lux
409 2676 511 2740 allata
533 2684 596 2758 est,
627 2698 699 2742 cum
721 2681 813 2744 multi
843 2687 966 2760 essent,
996 2679 1050 2760 qui
1079 2697 1213 2760 pravam
1237 2680 1326 2744 illam
1349 2689 1380 2747 et
1402 2684 1457 2749 ob·

331 2774 464 2838 soletam
494 2776 590 2839 Attici
620 2777 776 2842 sermonis
804 2778 1043 2843 venerationem
1077 2776 1240 2857 aspernati
1268 2777 1301 2839 in
1333 2785 1456 2846 ceteras

330 2871 436 2953 potius
459 2870 614 2938 dialectos
636 2874 884 2956 perscrutandas
906 2873 1137 2952 incumberent,
1164 2878 1199 2935 ut
1221 2893 1304 2955 quae
1326 2874 1454 2943 dicendi

331 2974 361 3031 et
389 2967 551 3034 scribendi
579 2978 648 3036 arte
676 2972 781 3037 minus
810 2973 957 3037 excultae
985 2992 1005 3037 a
1034 2968 1184 3053 pristino,
1217 2977 1252 3033 ut
1273 2972 1319 3034 ita
1340 2971 1454 3055 dicam,

330 3072 414 3130 statu
430 3068 606 3133 communis
622 3070 761 3132 omnium
777 3068 972 3134 Graecorum
994 3069 1125 3149 linguae
1147 3066 1277 3148 propius
1292 3070 1454 3149 abessent,

331 3183 395 3227 non
417 3163 464 3228 ita
485 3164 565 3229 miro
588 3185 664 3231 casu
686 3166 803 3231 factum
826 3174 890 3245 est,
914 3171 948 3229 ut
969 3165 1076 3229 Attica
1099 3163 1263 3245 dialectos,
1291 3173 1454 3248 tamquam

329 3280 394 3324 uon
417 3260 529 3326 eodem
552 3262 704 3345 iureque
727 3270 854 3329 ceterae
874 3270 976 3341 utens,
1000 3262 1198 3343 aliquantum
1221 3262 1454 3344 neglegeretur.

329 3358 541 3440 nequeenim
572 3362 683 3442 negari
711 3367 816 3442 potest
844 3360 906 3440 eis,
936 3360 989 3441 qui
1018 3359 1050 3422 in
1074 3365 1220 3422 naturam
1244 3366 1276 3423 et
1298 3359 1454 3442 originem

330 3454 423 3519 huius
446 3455 575 3521 dialecti
597 3458 756 3539 inquirere
778 3458 894 3537 velint,
924 3456 1119 3537 singularem
1142 3454 1303 3536 quandam
1327 3457 1454 3523 obstare

330 3550 564 3636 difficultatem,
595 3574 665 3617 cum
696 3573 735 3619 ea
756 3575 823 3619 non
849 3556 952 3620 solum
980 3553 1235 3634 frequentissimo
1257 3554 1344 3636 apud
1366 3555 1454 3638 ipsos

331 3648 545 3716 Athenienses
573 3671 631 3716 usu
660 3651 836 3733 scribendi,
870 3650 928 3717 sed
956 3651 1052 3715 etiam
1081 3651 1231 3714 continuo
1266 3652 1453 3716 commercio

330 3747 469 3810 omnium
492 3747 559 3813 iere
581 3748 774 3829 reliquarum
804 3748 967 3813 civitatum
991 3748 1184 3812 Graecarum
1207 3754 1374 3830 tantopere
1395 3749 1453 3812 im-

330 3851 452 3908 mutata
485 3845 542 3926 sit,
581 3850 614 3908 ut
644 3844 805 3911 artificiosi
842 3846 946 3928 magis
978 3865 1073 3927 quam
1105 3844 1262 3909 naturalis
1299 3846 1454 3910 sermonis

330 3940 467 4022 speciem
503 3961 582 4024 prae
614 3960 649 4006 se
681 3941 771 4006 ferat.
822 3943 883 4006 huc
915 3942 1054 4021 accedit,
1095 3941 1180 4023 quod
1211 3941 1454 4022 inscriptionum

332 4038 518 4120 Atticarum,
541 4038 655 4119 quibus
677 4038 743 4103 fere
765 4040 841 4104 solis
864 4038 1107 4103 fundamentum
1129 4036 1334 4120 quaestionis,
1357 4056 1453 4118 quam
1512 4105 1514 4108 ,

332 4135 492 4217 proposui,
515 4135 671 4199 contineri
693 4142 793 4217 patet,
816 4135 872 4199 diu
888 4154 927 4200 ea
949 4134 1008 4199 tuit
1029 4134 1178 4215 conditio,
1201 4140 1236 4196 ut
1258 4134 1374 4216 partim
1395 4151 1454 4215 per

333 4233 448 4297 multos
470 4232 640 4312 variosque
662 4231 761 4297 libros
784 4239 815 4297 et
836 4250 893 4314 per
909 4232 1044 4296 annales
1059 4238 1092 4295 et
1107 4228 1328 4313 ephemerides
1349 4228 1452 4313 philo·
1478 4292 1480 4296 ,

382 4330 492 4379 (luamus,
506 4330 598 4372 Studien
613 4329 671 4371 VIII.
1219 4332 1248 4380 15
