3575 5334
643 670 676 725 de
694 671 808 726 dialecto
827 672 919 725 Attica
936 673 1089 727 vetustiore.
1123 674 1144 727 Ι.
1390 674 1451 735 263

329 840 483 906 facillime
517 847 679 922 tamquam
711 842 746 905 in
779 863 875 906 unum
908 864 1021 908 sonum
1058 846 1250 911 coalescant.
1301 846 1386 929 quod
1419 868 1454 914 re

329 956 408 1003 uera
431 938 470 1001 in
499 956 645 1003 sermone
667 941 772 1003 Attico
801 940 917 1004 lactum
948 960 1019 1006 esse
1042 960 1079 1006 eo
1102 943 1155 1007 vel
1183 944 1359 1010 certissime
1381 966 1455 1011 con·

328 1033 487 1116 firmatur,
516 1033 602 1115 quod
625 1034 656 1097 0
679 1035 785 1115 litera,
816 1056 879 1117 qua
902 1046 934 1103 et
956 1058 974 1098 o
996 1044 1029 1103 et
1050 1059 1069 1099 u
1092 1038 1219 1105 vocales
1244 1040 1309 1106 iam
1332 1041 1452 1107 dudum

328 1130 502 1213 significari
524 1133 636 1197 solitas
658 1152 729 1198 esse
751 1142 875 1199 constat
904 1142 945 1204 tv,
970 1135 1177 1202 Dietriehium
1200 1137 1221 1201 l.
1245 1138 1266 1201 l.
1290 1141 1353 1217 58),
1376 1159 1454 1203 non·

330 1248 505 1310 numquam
528 1228 623 1294 etiam
646 1249 703 1312 pro
727 1252 765 1293 ov
788 1233 929 1312 genuina
942 1233 1058 1315 posita
1086 1243 1149 1316 est3
1179 1234 1267 1299 cuius
1297 1234 1364 1298 vitii
1387 1256 1452 1300 non

329 1346 428 1391 manu
456 1325 515 1391 sed
543 1344 639 1392 sensu
666 1326 827 1392 commissi
855 1348 953 1411 supra
976 1332 1069 1395 attuli
1092 1333 1250 1414 exempla.
1295 1332 1357 1395 iam
1380 1352 1451 1396 eum
1512 1407 1519 1422 x

329 1421 527 1488 consuetudo
549 1423 710 1488 scribendi
728 1423 853 1587 inssies
869 1445 1016 1492 crescens
1038 1428 1245 1492 mutationem
1269 1429 1453 1495 literaturae

329 1519 499 1603 flagitaret,
523 1539 541 1585 e
564 1520 696 1601 duabus,
720 1541 762 1603 qu
823 1521 856 1586 in
881 1544 939 1588 usu
961 1534 1062 1605 erant,
1085 1526 1169 1590 notis
1184 1536 1204 1587 u
1219 1526 1342 1591 vocalis
1356 1526 1454 1591 Athe·

330 1618 460 1683 nienses
482 1637 552 1683 eam
575 1618 756 1700 elegerunt,
785 1638 867 1700 quae
890 1641 961 1686 cum
983 1621 1081 1686 aliam
1109 1629 1277 1705 praeterea
1298 1622 1362 1686 vim
1385 1623 1455 1687 nul·

330 1716 395 1781 lam
417 1714 561 1797 haberet,
588 1715 685 1780 errori
707 1716 811 1781 locum
835 1739 901 1783 non
924 1718 1024 1785 daret.
1070 1719 1149 1784 haee
1171 1726 1277 1785 autem
1299 1719 1358 1784 fuit
1380 1717 1453 1783 ΟΥ.

416 1810 553 1878 eandem
576 1813 660 1877 hane
681 1815 837 1878 rationem
861 1816 958 1881 etiam
980 1818 1014 1880 in
1038 1841 1066 1879 ει
1090 1815 1290 1899 diphthongo
1313 1817 1453 1882 valuisse

331 1912 533 1993 Brugmanus
555 1910 589 1983 (l.
612 1910 633 1973 l.
658 1914 698 1976 84
713 1920 772 1993 sq.)
796 1920 902 1995 putat3
935 1913 1149 1978 adulterinam
1172 1914 1256 1977 enim
1280 1933 1452 1996 numquam

330 2008 424 2073 aliter
446 2015 543 2089 atque
565 2028 582 2068 e
603 2006 855 2090 μονοφθόγγως,
880 2010 938 2074 sed
960 2009 1067 2074 medio
1089 2009 1227 2091 quodam
1249 2011 1371 2076 intere
1394 2019 1425 2077 et
1443 2013 1457 2073 i

330 2126 409 2171 sono
431 2104 679 2187 pronuntiatam,
710 2106 881 2188 genuinam
904 2113 1028 2185 autem,
1058 2125 1140 2187 qnae
1166 2114 1262 2171 antea
1283 2109 1314 2168 ei
1332 2107 1453 2189 fuisset,

330 2208 439 2268 aetate
466 2201 544 2267 belli
566 2201 829 2285 Peloponnesiaci
857 2205 890 2267 in
913 2204 1003 2267 illum
1032 2224 1144 2267 sonum
1170 2209 1348 2285 correptam
1371 2223 1454 2270 esse.

331 2308 497 2380 utramque
533 2298 629 2381 igitur
665 2299 801 2365 eandem
841 2300 1133 2383 pronuntiationem
1168 2299 1319 2382 adeptam
1356 2300 1454 2366 Athe·

330 2398 460 2462 nienses
483 2395 578 2461 etiam
601 2395 715 2461 eadem
738 2406 815 2462 nota
838 2396 873 2461 ΕΙ
904 2396 1109 2480 significasse.
1143 2434 1183 2442 -
1216 2397 1268 2461 hic
1290 2396 1452 2477 transitus,

329 2495 458 2575 qualem
481 2494 681 2575 Brugmanus
703 2495 766 2559 sibi
788 2494 878 2559 finxit
899 2494 933 2558 in
949 2517 978 2557 ει
1002 2493 1210 2577 diphthongis
1231 2495 1348 2559 factum
1371 2513 1453 2573 esse,

330 2590 457 2656 videtur
491 2610 620 2672 prorsus
647 2591 733 2656 idem
762 2612 833 2657 esse
854 2600 961 2674 >atque
993 2611 1086 2673 quem
1116 2591 1157 2657 de
1185 2614 1223 2655 oo
1252 2590 1393 2673 genuina
1422 2596 1454 2655 et

329 2688 513 2755 adulterina
539 2709 637 2771 supra
665 2688 828 2772 descripsi.
874 2697 908 2754 at
934 2689 967 2753 id
991 2690 1101 2771 ipsum
1129 2690 1277 2768 interest,
1306 2686 1453 2769 quodue

329 2795 477 2869 correpta
496 2792 545 2851 est
565 2786 600 2849 in
622 2789 641 2847 o
664 2787 976 2869 monophthongum,
1007 2810 1036 2851 ει
1064 2789 1097 2851 in
1128 2793 1145 2850 e
1173 2788 1211 2862 (si
1238 2787 1454 2867 Brugmanum

329 2885 519 2966 sequimur),
548 2903 613 2947 non
642 2883 723 2961 int,
753 2902 835 2965 quae
862 2884 911 2948 illi
933 2885 1109 2949 accuratius
1132 2881 1349 2966 responderet.
1394 2883 1455 2947 hoc

330 2982 517 3061 discrimen,
552 2980 640 3045 cuius
669 3000 762 3045 nemo
789 2980 911 3060 adhuc,
944 2988 1096 3064 quantum
1119 2979 1229 3058 video,
1260 2980 1454 3044 mentionem

328 3079 416 3159 tecit,
440 3078 579 3143 debebat
600 3083 686 3142 certe
702 3078 917 3158 Brugmanum
941 3095 1080 3154 monere,
1104 3094 1145 3139 ne
1166 3076 1294 3139 incaute
1310 3099 1338 3138 ει
1361 3082 1393 3139 et
1415 3099 1454 3138 oo

330 3177 603 3259 diphthongorum
636 3194 764 3258 prorsus
797 3174 933 3238 eandem
969 3171 1183 3237 conditionem
1214 3190 1285 3235 esse
1317 3177 1454 3253 putaret.

331 3293 437 3357 neque
460 3274 544 3338 euim
567 3271 663 3351 illud,
687 3271 746 3335 etsi
768 3272 801 3335 in
824 3268 936 3352 aperto
959 3269 1112 3351 positum,
1142 3273 1208 3331 tam
1230 3266 1303 3331 leve
1325 3272 1455 3347 tamque

329 3371 499 3453 indignum
522 3377 585 3449 est,
615 3366 701 3449 quod
723 3373 1001 3445 commemoretur,
1031 3385 1126 3448 quam
1148 3364 1284 3428 fortasse
1310 3363 1455 3427 nonnulli

330 3468 527 3535 existimant.
570 3467 634 3530 imo
663 3485 738 3530 vero
769 3463 924 3530 accedunt
954 3462 1036 3527 duae
1066 3482 1121 3536 res,
1140 3459 1269 3525 maioris
1292 3460 1454 3542 momenti,

330 3586 412 3648 quas
440 3565 528 3648 ipsas
556 3582 681 3645 quoque
704 3562 904 3643 Brugmanus
933 3568 988 3624 aut
1016 3580 1081 3624 non
1111 3556 1370 3623 commemoravit
1400 3564 1456 3621 aut

330 3684 398 3728 non
420 3669 505 3727 recte
528 3660 683 3725 adhibuit.
729 3665 761 3723 et
790 3658 925 3741 primum
949 3657 1077 3739 quidem
1102 3679 1139 3718 ou
1161 3657 1321 3738 genuinae
1344 3673 1401 3737 per
1423 3654 1454 3715 0

331 3762 471 3841 scriptae
500 3760 565 3823 iam
594 3763 671 3821 ante
694 3754 837 3820 Euclidis
864 3775 984 3819 annum
1010 3753 1159 3836 exempla
1187 3760 1329 3831 exstare,
1363 3751 1397 3815 in
1427 3775 1457 3816 ει

330 3865 439 3923 autem
461 3856 695 3938 diphthongum
723 3852 808 3917 idem
835 3871 899 3915 non
923 3852 1039 3917 eadere
1060 3871 1156 3933 supra
1177 3849 1326 3913 vidimus.
1371 3847 1456 3915 unde

330 3954 440 4035 colligi
475 3959 580 4035 potest
609 3950 721 4015 eodem
750 3957 893 4031 tempore
925 3970 963 4009 ov
996 3948 1168 4029 genuinam
1201 3945 1456 4027 monophthongi

331 4052 396 4115 iam
418 4050 616 4116 simillimam
639 4047 746 4125 fuisse,
771 4069 799 4109 ει
822 4045 963 4109 nondum
987 4045 1094 4109 fuisse.
1132 4044 1267 4108 alterum
1290 4047 1347 4118 est,
1371 4039 1456 4122 quod

334 4146 369 4213 ΕΙ
401 4148 496 4230 proi
522 4146 619 4227 longa
647 4143 833 4227 scriptarum
864 4144 959 4207 etiam
989 4148 1064 4205 ante
1093 4140 1142 4206 01.
1165 4142 1220 4219 94,
1245 4141 1263 4199 2
1293 4136 1457 4219 complura

333 4245 485 4327 exempla
513 4249 650 4307 exstant.
695 4239 808 4321 quihus
831 4240 1031 4321 Brugmanus
1059 4237 1104 4300 ita
1133 4236 1246 4314 utitur,
1276 4237 1311 4297 ut
1340 4250 1381 4296 ex
1410 4232 1456 4298 eis
