3575 5334
402 686 464 745 114
916 682 1016 737 Clemm

400 860 477 943 qnia
498 879 712 943 synonymum
735 856 777 923 sit
798 854 1000 939 ἐπίρροθος,
1023 854 1065 920 ab
1082 855 1183 938 alpha
1203 855 1365 921 intensivo
1386 854 1528 938 incipere

401 957 537 1036 videtur,
567 955 759 1020 novissimus
787 960 893 1018 autem
917 952 1070 1036 Hesychii
1092 952 1196 1017 editor
1217 974 1238 1017 a
1260 952 1464 1035 Diogeniano
1485 959 1529 1017 to·

401 1060 468 1119 tam
490 1053 581 1118 illam
602 1053 743 1135 glossam
759 1048 968 1134 abjudicavit,
991 1068 1086 1131 quam
1109 1069 1170 1131 ego
1193 1068 1319 1132 quoque
1340 1070 1528 1132 persuasum
1570 1058 1579 1066 “

403 1152 506 1217 habeo
537 1169 578 1215 ex
599 1150 703 1215 altera
730 1148 871 1229 genuina
900 1143 1089 1230 τάρροθος·
1118 1142 1266 1230 ἀρωγός,
1295 1144 1432 1233 βοηθός
1465 1166 1528 1212 eor·

401 1255 527 1331 ruptam
550 1247 703 1313 hocloco
726 1245 903 1328 irrepsisse.
933 1242 1133 1325 Quamquam
1156 1247 1211 1310 vix
1233 1245 1406 1327 negaveris
1429 1240 1529 1329 ἄρρο·

400 1352 469 1423 θος
484 1366 556 1410 cum
569 1344 674 1410 vocali
686 1343 869 1427 ‘prothetioa
886 1342 1018 1423 cogitari
1030 1342 1172 1424 potuisse
1184 1350 1312 1427 praeter
1327 1340 1528 1426 ἐπίρροθος.

403 1443 473 1508 Ηοο
494 1443 598 1526 ipsum
621 1462 663 1507 ex
688 1460 761 1505 mea
790 1442 950 1506 sententia
978 1441 1136 1524 significat
1162 1460 1235 1507 eum
1257 1439 1311 1522 qui
1340 1440 1479 1505 accurrit
1501 1446 1530 1505 et

402 1539 446 1607 ed
468 1539 608 1604 radicem
635 1538 881 1604 determinatam
911 1539 979 1625 ῥοθ
1008 1538 1058 1604 tot.
1083 1539 1159 1625 ῥωθ
1181 1538 1267 1603 Curt.
1291 1538 1366 1613 355)
1394 1537 1531 1603 referen-

402 1637 565 1717 domest,
595 1635 855 1719 quandoquidem
877 1634 1041 1700 meliorem
1066 1636 1313 1719 explicationem
1335 1653 1433 1700 nemo
1463 1654 1532 1718 pro-

403 1734 520 1818 posuit.
563 1735 591 1798 Ε
623 1734 733 1815 glossa
764 1741 871 1797 autem
903 1733 963 1797 illa
995 1734 1136 1815 genuina
1168 1732 1362 1814 Diogeniani
1395 1768 1439 1779 -
1472 1731 1533 1798 nisi

404 1832 475 1914 quis
507 1832 589 1896 forte
621 1850 692 1896 eam
725 1849 851 1913 quoquc
885 1831 1089 1896 subditiciam
1118 1848 1189 1896 esse
1218 1829 1329 1894 statuit
1357 1862 1399 1875 --
1428 1829 1535 1894 elucet

405 1929 479 1994 ierri
513 1949 578 1993 non
610 1947 706 2010 posse
738 1927 972 2010 ineptissimam
1005 1928 1237 2011 conjecturam,
1269 1946 1364 2008 quam
1399 1926 1440 1992 de
1474 1926 1536 1991 ori·

403 2025 480 2108 gine
516 2025 666 2090 vocabuli
699 2022 934 2108 ἐπιτάρροθος
973 2025 1163 2105 Goebelins,
1202 2024 1318 2089 Philol.
1352 2021 1436 2088 XIX
1471 2028 1536 2087 434

403 2123 657 2189 commendavit:
692 2118 927 2205 ἐπιτάρροθος
950 2122 980 2187 ei
1002 2131 1051 2188 est
1073 2121 1133 2188 ἐπὶ
1154 2120 1196 2185 τὰ
1219 2119 1327 2205 ῥόθος
1352 2120 1437 2182 ιίανιι
1458 2142 1539 2182 νον·

403 2221 526 2283 ιοίιονιιί.
557 2220 626 2299 Quo
642 2221 741 2284 multo
764 2219 942 2301 simplicius
964 2230 1059 2298 esset,
1083 2239 1275 2301 quamquam
1298 2223 1445 2281 neutrum
1469 2237 1540 2283 crc-

403 2318 504 2384 dibile
533 2325 596 2399 est,
626 2322 683 2382 aut
708 2337 779 2382 oum
808 2319 989 2382 Duentzero
1018 2318 1050 2380 in
1075 2316 1195 2381 Kuhnii
1222 2316 1301 2380 diar.
1324 2313 1405 2378 XVI
1429 2318 1471 2377 24
1493 2316 1541 2378 ad

404 2417 545 2481 radicem
575 2424 626 2476 tar
654 2414 764 2495 (icere,
800 2414 921 2488 delere)
950 2414 1121 2495 coningere
1149 2419 1205 2477 aut
1233 2434 1303 2477 cum
1332 2413 1368 2475 L.
1392 2413 1540 2495 Meyero,

404 2532 537 2595 gramm.
561 2531 663 2593 comp.
686 2510 702 2572 I
725 2514 786 2576 350
809 2510 851 2575 ad
875 2520 927 2573 tur
949 2512 1118 2587 (transire).

491 2650 524 2725 4)
562 2642 712 2720 taarog

404 2781 536 2864 saepius
557 2780 675 2862 legitur
696 2780 812 2844 usitato
828 2800 938 2847 sensu:
962 2781 1033 2846 sinc
1048 2780 1171 2859 umbra,
1194 2779 1295 2843 tribus
1313 2786 1425 2845 contra
1447 2786 1546 2863 qnat-

406 2885 517 2945 tuorve
542 2877 621 2943 locis
644 2876 823 2958 significare
846 2878 961 2944 dicitur
984 2878 1176 2942 umbrosum.
1221 2874 1286 2940 Sed
1310 2874 1410 2943 dubia
1440 2878 1536 2944 lectio

407 2982 457 3043 est
477 2975 570 3041 Pind.
594 2975 687 3040 Nem.
710 2974 756 3039 Vl
779 2979 819 3038 45

611 3123 739 3208 βοτάνα
761 3130 798 3191 τέ
821 3130 871 3190 νίν
894 3122 986 3190 ποθ’
1011 3121 1032 3188 ἆ
1054 3124 1191 3202 λέοντος

615 3220 791 3288 νικάσαντ’
816 3216 915 3309 ἕρεφ’
942 3221 1113 3300 ἅσκίοις

614 3322 799 3397 Φλιοῦντος
820 3316 883 3384 ὑπ’
909 3316 1065 3404 ὠγυγίοις
1088 3317 1203 3405 ὄρεσιν
1226 3320 1294 3383 κτλ.

408 3480 624 3546 Doederlinus
647 3499 718 3545 cum
741 3481 879 3545 Disseno
906 3480 1007 3563 alpha
1033 3481 1228 3545 intensivum
1253 3480 1400 3562 agnoscit
1426 3486 1536 3546 contra

408 3579 600 3661 optimorum
622 3576 775 3643 librorum
798 3578 987 3661 scripturam
1012 3576 1165 3653 δασκίοις
1188 3597 1284 3658 quam
1307 3577 1424 3660 probat
1441 3578 1534 3641 etiam

409 3673 591 3739 scholiasta.
636 3675 749 3757 Itaque
777 3674 847 3757 jam
880 3674 1100 3755 Hermannus,
1136 3673 1211 3739 diss.
1247 3673 1287 3739 de
1319 3673 1413 3738 Pind.
1445 3674 1534 3739 Nem.

410 3770 456 3833 Vl
486 3774 503 3833 7
539 3769 694 3848 δασκίοις
728 3772 865 3837 restituit
898 3772 948 3836 eui
976 3772 1158 3837 Lobeckius
1186 3772 1275 3853 path.
1305 3772 1346 3835 el.
1377 3772 1393 3835 I
1420 3774 1461 3835 34
1492 3771 1536 3835 ie

410 3868 583 3933 assentitur
605 3873 655 3949 ut,
678 3868 804 3935 etiamsi
827 3874 924 3952 poeta
946 3876 1069 3934 montes
1093 3868 1251 3934 Phliasios
1274 3864 1415 3942 ἀσκίους
1437 3866 1536 3933 nomi·

409 3965 550 4046 noverit,
580 3970 688 4030 tamen
717 3986 849 4032 necesse
879 3985 950 4031 esse
979 3974 1075 4048 neget
1102 3966 1269 4030 umbrosos
1291 3965 1343 4029 vel
1367 3964 1451 4030 adeo
1473 3984 1536 4029 um·

410 4062 612 4128 brosissimos
633 4063 787 4144 intellegi,
811 4064 929 4127 multos
952 4065 1036 4127 enim
1060 4082 1131 4127 esse
1152 4071 1277 4126 montes
1299 4061 1398 4125 nullis
1421 4062 1537 4127 arbori-

411 4160 470 4224 bus
500 4159 620 4225 obsitos
651 4160 810 4240 hodieque
839 4160 997 4224 nominari
1026 4164 1151 4224 montes
1173 4160 1283 4224 calvos
1306 4157 1535 4242 Κοίιίοοίονρο,

414 4253 596 4320 chaumont.
640 4256 753 4339 Itaque
786 4257 979 4322 recentiores
1014 4276 1139 4337 quoque
1172 4255 1311 4321 editores
1341 4257 1538 4341 scripserunt
