3575 5334
333 745 394 810 388
817 742 964 797 Beehstein

331 929 413 1005 part.
443 939 548 1003 praes.
578 926 638 983 aot.
667 918 725 982 illa
757 917 879 981 nonalis
906 916 940 979 in
968 936 985 976 e
1014 914 1180 980 extenuari
1215 920 1331 997 coepta
1364 919 1452 993 esset,

331 1018 479 1085 suffixum
508 1019 606 1078 minu·
633 1016 667 1080 in
695 1013 806 1098 partio.
836 1034 922 1096 pass.
952 1011 1128 1077 formandis
1150 1032 1216 1075 non
1234 1012 1305 1094 jam
1329 1031 1453 1093 usurpa-

332 1117 435 1196 batur,
459 1120 493 1177 ut
515 1113 645 1176 nomina
669 1111 823 1181 alumnus,
856 1111 1039 1173 Vertumnus
1060 1116 1115 1173 ott.
1138 1127 1172 1174 re
1194 1128 1273 1174 vera
1295 1128 1367 1174 esse
1390 1128 1454 1190 par·

332 1213 442 1296 tieipia
464 1209 555 1275 obliti
578 1215 700 1290 essent3
730 1227 828 1289 quare
851 1228 914 1272 non
939 1215 1022 1287 erat,
1046 1206 1141 1287 quod,
1164 1206 1255 1270 utin
1277 1206 1454 1271 nominibus

331 1317 414 1393 part.
438 1327 540 1391 praes.
564 1314 625 1371 aot.
649 1306 788 1388 speeiem
812 1304 1055 1387 praebentibus,
1084 1304 1130 1367 ita
1158 1303 1192 1367 in
1221 1303 1273 1369 bis
1294 1302 1454 1368 vocabulis

331 1406 452 1471 vooalis
475 1426 494 1466 u
516 1405 550 1467 in
572 1426 589 1465 e
611 1409 794 1468 mutaretur.
839 1401 909 1480 Quo
932 1402 1048 1465 iactum
1072 1406 1136 1480 est,
1163 1408 1198 1464 ut
1219 1401 1454 1465 illavooabula

333 1502 446 1569 suffixo
470 1512 535 1564 ent·
558 1502 712 1565 instructa
735 1500 814 1564 haec
829 1500 920 1581 quasi
937 1519 1000 1563 uno
1023 1497 1222 1562 formationis
1243 1497 1348 1581 gradu
1371 1518 1454 1581 prae·

332 1600 492 1666 oederent.
1145 1601 1148 1605 '

417 1696 486 1773 Quo
511 1694 636 1776 dignior
657 1700 770 1758 notatu
794 1702 841 1759 est
857 1694 1047 1760 substantivi
1064 1693 1216 1755 Alemonu
1239 1692 1336 1769 (deae
1358 1693 1454 1774 nujus·

334 1794 407 1858 dam
430 1792 577 1871 nominis,
600 1810 704 1873 ,quae
727 1792 785 1855 alit
800 1791 896 1856 fetum
912 1791 945 1855 in
967 1796 1094 1856 ute1·o“:
1124 1794 1210 1856 Ten.
1229 1791 1271 1855 de
1286 1791 1386 1856 anim.
1402 1793 1451 1867 373

333 1911 363 1954 v.
387 1891 408 1953 l.
432 1890 590 1966 Alimunu)
614 1889 705 1970 ratio,
728 1908 810 1969 quae
833 1910 853 1954 a
875 1888 990 1955 ceteris
1012 1890 1111 1971 plane
1133 1888 1294 1954 abhorret.
1340 1888 1377 1953 In
1399 1888 1453 1951 bon

332 1988 417 2053 enim
433 1986 501 2051 solo
524 1985 665 2050 omnium
683 1986 845 2050 nominum
869 1985 931 2049 huo
953 1987 1179 2068 pertinentium
1195 1986 1317 2050 voealis
1340 1986 1454 2050 thema·

332 2086 395 2150 tica
418 2106 434 2145 e
457 2083 570 2149 eadem
593 2083 717 2166 legitur,
741 2103 823 2165 quae
838 2083 872 2146 in
893 2091 975 2165 part.
992 2103 1095 2166 praes.
1110 2082 1280 2167 senens,
1303 2081 1451 2164 tepent,

331 2192 486 2265 req-e-nt-
515 2189 567 2245 ott.
598 2188 646 2246 est
675 2180 893 2246 usitatissima.
944 2180 1094 2263 decedit,
1129 2181 1213 2264 quod
1244 2187 1373 2263 praeter
1400 2179 1453 2243 boo

332 2301 429 2343 unum
453 2297 556 2360 neque
578 2296 727 2359 graecum
751 2296 855 2359 neque
876 2276 1013 2341 latinum
1036 2298 1152 2344 nomen
1176 2277 1344 2360 reperitur,
1375 2275 1453 2358 quod

332 2376 416 2442 hane
447 2374 551 2441 suffixi
583 2375 722 2458 speeiem
756 2384 846 2437 monn
877 2374 1038 2441 exhibeat.
1083 2375 1252 2458 Duplioem
1282 2374 1379 2457 igitur
1407 2393 1453 2438 ex-

333 2472 490 2556 planandi
513 2474 598 2538 viam
621 2470 746 2554 ingredi
768 2470 861 2536 nobis
883 2472 973 2537 lieet:
1008 2480 1063 2537 aut
1084 2493 1200 2537 nomeu
1223 2471 1304 2536 illud
1335 2479 1454 2555 praeter

332 2579 509 2635 ceterorum
539 2570 722 2651 analogiam
757 2569 888 2634 lieentia
917 2570 1055 2652 quadam
1085 2590 1156 2636 esse
1184 2570 1371 2648 formatum,
1404 2575 1453 2633 aut

333 2666 465 2730 formam
490 2666 641 2727 Alemonu
664 2686 705 2729 ex
727 2666 792 2730 alia
814 2665 952 2747 quadam
976 2666 1156 2749 antiquiore
1179 2686 1250 2732 esse
1273 2673 1376 2732 ortam
1398 2674 1454 2731 sta-

333 2763 465 2843 tuimus,
501 2780 583 2843 quae
612 2761 740 2842 quidem
769 2782 852 2828 nuno
881 2784 947 2829 non
976 2771 1081 2847 potest
1103 2764 1344 2846 investigarunt
1388 2763 1453 2841 Qua

334 2858 375 2924 de
406 2878 455 2940 re,
491 2865 650 2939 uteunque
683 2879 718 2924 se
746 2860 859 2940 habet,
893 2862 971 2927 uerti
1006 2861 1179 2944 quidquam
1212 2862 1362 2927 constitui
1394 2881 1454 2925 non

333 2961 449 3039 potest.

331 3061 338 3076 ¹
417 3053 467 3118 De
489 3054 604 3120 ueteris
625 3054 823 3130 nominibus,
852 3076 894 3121 ne
920 3057 1021 3121 multa
1042 3057 1212 3138 disseram,
1238 3057 1310 3140 jam
1335 3055 1455 3122 Corsse·

332 3171 408 3215 num
432 3150 502 3231 (112,
527 3173 557 3234 p.
583 3155 642 3216 170
658 3157 739 3234 sqq.)
769 3152 1013 3235 diligentissime
1036 3154 1254 3235 quaestionem
1285 3154 1456 3220 instituisse

332 3268 537 3330 praemoneo.
582 3248 664 3313 Sunt
686 3250 769 3314 enim
797 3251 892 3316 haec:

418 3346 558 3407 alumnus
581 3351 632 3422 (ex
649 3345 900 3428 *ul-emenus),
923 3346 996 3413 fem.
1013 3347 1137 3409 ulumnu
1156 3347 1198 3413 ab
1222 3347 1338 3413 eadem
1362 3348 1456 3430 stirpe

334 3440 478 3522 duntum,
503 3462 566 3523 qua
587 3443 755 3517 Alemone,
785 3443 870 3509 idem
893 3451 941 3509 est
969 3444 1054 3527 quod
1076 3463 1181 3527 graeo.
1204 3438 1222 3507 ὁ
1244 3443 1454 3529 τρεφόμενος,

332 3535 517 3622 τρεφομένη
540 3540 560 3602 i.
585 3559 611 3605 e.
635 3540 698 3621 qui,
723 3560 805 3622 quae
827 3541 932 3605 alitur.

418 3636 604 3698 Picumnus:
642 3637 693 3702 dei
716 3639 931 3703 Romanorum
960 3639 1140 3721 conjugalis
1167 3658 1303 3720 nomen,
1335 3640 1454 3721 dequo

333 3732 455 3799 Nonius
478 3755 509 3816 p.
526 3737 588 3799 355
611 3734 691 3799 haeo
713 3735 788 3800 fauit
809 3735 924 3800 verba:
947 3736 1139 3811 „Picumnus
1162 3742 1194 3802 et
1208 3736 1280 3801 avis
1302 3744 1353 3802 est
1367 3736 1455 3801 Marti

335 3827 455 3910 dieata,
490 3850 585 3911 quam
608 3831 713 3913 pinum
736 3832 789 3897 vel
812 3832 916 3915 pinam
939 3841 1073 3915 voeant,
1103 3839 1135 3897 et
1157 3833 1252 3915 deus,
1284 3834 1339 3915 qni
1362 3834 1455 3900 sacris

334 3924 487 3991 Romanis
520 3926 721 3993 adhibetur·.“
765 3929 847 3995 Inde
879 3937 1031 4013 apparet,
1065 3929 1255 3994 vocabulum
1287 3931 1455 3995 Picumnus

403 4092 436 4154 ⁴⁴)
455 4091 528 4145 idem
547 4094 677 4161 contingit
694 4096 861 4149 substantivo
880 4096 1039 4150 curdimonu
1058 4096 1128 4150 Cael.
1141 4098 1208 4151 Aur.
1224 4100 1297 4152 aeut.
1312 4102 1337 4164 2,
1353 4104 1394 4160 35,
1410 4100 1452 4151 187

333 4169 351 4223 i.
370 4185 392 4223 e.
414 4186 453 4238 gr.
477 4171 661 4241 καρδιωγμός.
685 4206 717 4214 -
740 4176 845 4230 Nomen
867 4177 1008 4245 proprium
1033 4176 1176 4243 Cremona,
1202 4177 1336 4246 siqnidem
1359 4180 1454 4234 latinae

334 4247 445 4314 originis
463 4256 518 4316 est,
536 4255 627 4306 utrum
645 4254 742 4308 suffixo
762 4267 860 4322 -monu,
879 4272 915 4309 an
933 4256 1030 4312 suffixo
1047 4269 1124 4325 -onu,
1142 4263 1173 4312 ut
1189 4258 1317 4327 Abeona,
1336 4260 1453 4321 Bellona,

334 4324 509 4384 Intercidnnu
526 4331 560 4384 al.
578 4331 724 4387 formatum
741 4334 784 4401 sit,
802 4334 913 4389 dubium
930 4342 979 4391 est.
