3575 5334
650 409 682 464 de
700 409 816 465 dialecto
834 410 989 467 herodetea.
1325 415 1383 476 161

255 578 337 644 tituli
359 580 457 645 ioniei
478 581 679 673 aliquantum
702 582 909 664 dissentiunt,
938 583 991 665 qui
1013 584 1227 668 utromodo,
1257 594 1291 652 ut
1313 608 1384 655 sae·

255 677 355 759 pius,'
381 677 427 743 sie
455 678 552 744 etiam
580 679 614 743 in
643 678 694 745 his
725 680 910 745 nominibus
939 680 1052 747 formis
1079 684 1249 749 eontraetis
1278 684 1382 768 magis

254 774 374 840 tavent.
412 776 457 841 Ut
473 776 584 843 titulos
604 776 726 843 thasios
748 784 861 859 quarto
883 777 1012 842 demum
1034 773 1162 845 saeeulo
1183 782 1380 865 conscriptos

198 957 199 960 Ἴ
243 873 412 954 omittam,
436 869 601 958 Ἡρακλῆς
624 874 719 940 estin
736 876 782 940 tit.
803 875 935 956 antiquo
951 875 1156 958 chalcidensi,
1182 880 1380 966 Τερψικλῆς

255 970 434 1056 Πασικλῆς
462 972 619 1054 reperiIur
640 972 674 1036 in
703 973 805 1038 titulis
833 972 967 1038 milesiis
994 973 1105 1056 paullo
1133 979 1205 1056 post
1238 975 1378 1040 medium

253 1067 398 1131 seoulum
430 1075 557 1133 sextum
590 1070 730 1135 exaratis
760 1069 811 1147 (of.
845 1072 965 1135 Erman
994 1069 1084 1136 stud.
1117 1069 1145 1132 V
1174 1073 1257 1145 290).
1312 1070 1379 1137 Sed

254 1163 313 1229 has
334 1170 514 1231 eontractas
536 1165 665 1247 formas,
689 1168 834 1249 quamvis
857 1188 912 1233 eas
934 1186 1009 1233 vere
1031 1165 1152 1231 ionieas
1175 1186 1246 1233 esse
1268 1188 1379 1235 eonne-

253 1260 322 1342 das,
346 1263 513 1327 noneolas
534 1282 610 1329 vere
632 1264 754 1329 ionieas
774 1264 873 1330 tuisse
890 1271 1029 1346 arguunt
1043 1270 1075 1329 et
1093 1263 1227 1330 euboiea
1247 1266 1379 1330 nomina

248 1354 418 1446 Ἐρικλέης
451 1359 621 1445 Θεοκλέης
646 1362 834 1448 Νικοκλέης
864 1381 904 1427 ex
936 1362 1068 1426 ineunte
1104 1362 1233 1426 saeoulo
1268 1362 1379 1442 quinto
1422 1416 1428 1430 .

251 1455 373 1521 tradita
406 1461 439 1521 et
471 1457 646 1521 Attieorum
679 1465 822 1524 veterum
859 1459 957 1540 ratio,
994 1459 1048 1540 qui
1083 1457 1212 1539 saepius
1246 1457 1378 1523 nomina

249 1552 285 1617 in
319 1554 437 1638 -κλεης
470 1553 623 1619 exhibent
652 1554 686 1619 O.
717 1555 742 1620 I.
774 1559 834 1620 647
867 1555 1068 1640 Φιλοκλέης,
1102 1557 1162 1619 158
1180 1552 1376 1640 Ὑψοκλέης,

244 1645 481 1735 Ἀγασικλέης,
503 1652 732 1738 Παιροκλέης,
756 1649 938 1738 Ἀγακλέης
961 1653 1011 1728 tuf.
1034 1654 1173 1732 Renner‚
1204 1650 1295 1716 Stnd.
1318 1651 1334 1714 Ι
1359 1655 1374 1714 1

248 1768 282 1830 p.
310 1750 381 1827 194,
404 1748 574 1813 Wecklein
596 1767 659 1812 our.
684 1748 784 1831 epigr.
807 1770 838 1831 p.
863 1752 926 1825 22).

339 1846 486 1910 Ineertae
514 1844 645 1927 originis
674 1852 763 1925 sunt,
798 1865 880 1927 quae
912 1846 1070 1927 attingere
1102 1843 1233 1924 suffieit,
1269 1849 1377 1930 Τεγέη

246 1941 266 2006 Ι
290 1945 344 2007 66.
369 1945 419 2022 68,
446 1946 572 2028 Τεγέης
594 1942 640 2006 VI
655 1945 727 2024 205,
754 1945 886 2029 Θυρέης
910 1942 1052 2022 18201,
1077 1937 1175 2025 Άλέη
1200 1960 1380 2022 cognomen

244 2039 457 2124 MinervaeI
480 2043 520 2103 60
548 2039 597 2104 IX
619 2042 669 2120 10,
701 2038 786 2120 quod
809 2040 847 2104 G.
870 2039 1075 2103 Hermauuus
1104 2056 1154 2120 op.
1179 2036 1239 2100 VII
1260 2058 1292 2120 p.
1316 2040 1378 2099 270

243 2157 322 2202 eum
346 2129 425 2222 ἀλέη
449 2136 644 2217 „effugium“
666 2144 840 2218 eomparat.

338 2234 462 2314 Restat,
485 2240 519 2298 ut
543 2232 583 2299 de
605 2233 774 2298 verborum
797 2234 907 2299 formis
923 2232 1037 2298 diuam.
1068 2231 1147 2296 Cum
1168 2231 1203 2295 in
1224 2248 1381 2297 eoneursu
1436 2317 1439 2322 Ι

242 2330 413 2396 vocalium
442 2353 476 2394 εε
500 2354 549 2395 εει
576 2330 764 2413 plerumque
792 2337 1016 2414 praeterquam
1038 2329 1066 2395 si
1088 2353 1106 2392 o
1130 2353 1150 2414 η
1175 2352 1188 2392 ι
1209 2352 1227 2391 v
1249 2332 1379 2392 anteee-

239 2429 382 2507 debant,
406 2428 533 2492 voeales
548 2427 672 2492 solutae
691 2427 904 2492 remanserint
926 2446 1031 2509 neque
1054 2444 1152 2507 saepe
1166 2425 1200 2489 in
1215 2423 1379 2493 eodIeibus

239 2526 367 2590 vitiosa
394 2524 568 2589 eontraetio
598 2524 786 2606 reperiatur,
815 2524 920 2589 simile
948 2522 1025 2605 quid
1054 2523 1086 2586 in
1109 2548 1124 2587 ε
1152 2529 1183 2587 et
1206 2546 1225 2607 η
1249 2540 1379 2586 coneur-

239 2622 331 2689 renti
354 2627 568 2703 exspectatur.
613 2619 679 2685 Sed
699 2640 790 2701 eave,
816 2639 857 2686 ne
880 2639 976 2686 erres.
1022 2619 1106 2684 Nam
1128 2636 1320 2700 quamquam
1342 2617 1377 2681 in

242 2718 377 2785 aoristis
402 2718 541 2801 passivis
565 2741 609 2781 εω
631 2718 665 2781 In
694 2718 805 2799 primis
828 2724 859 2783 et
881 2722 954 2783 tert.
977 2736 1060 2799 pers.
1085 2714 1182 2780 obvia
1202 2733 1376 2795 numquam

243 2814 448 2880 contrahitur
464 2815 551 2879 velut
575 2818 729 2899 φανέωσι
743 2815 759 2877 Ι
774 2818 825 2895 41,
849 2809 1050 2899 ὁρμηθέωσι
1065 2813 1082 2876 Ι
1097 2816 1148 2891 47,
1172 2807 1375 2893 ἀπαιρεθέω

245 2912 296 2976 ΠΙ
321 2914 363 2976 65
386 2912 439 2991 al.,
470 2930 532 2977 see.
561 2917 593 2975 et
621 2917 692 2976 tert.
715 2930 798 2993 pers.
828 2910 909 2991 sing.
938 2927 1112 2989 numquam
1140 2907 1173 2970 in
1201 2928 1278 2988 -εῇς
1307 2929 1376 2989 ·εῇ,

246 3008 304 3075 sed
334 3018 462 3091 semper
490 3008 524 3072 in
552 3031 610 3093 -ῇς
632 3032 670 3093 -ῇ
702 3012 835 3072 exeunt:
873 3003 1075 3089 ἀναγκασθῇ
1106 3003 1199 3081 129,
1228 3006 1377 3086 νικηθῇς

248 3106 330 3185 171,
355 3103 508 3190 ἑλκυσθῇ
530 3104 546 3167 Ι
565 3108 634 3185 140,
659 3103 799 3189 δηλωθῇ
822 3104 920 3167 1159
944 3105 1063 3178 (uetera
1086 3098 1186 3165 habes
1207 3118 1260 3181 ap.
1276 3097 1376 3162 Dind.

249 3202 404 3284 XXVIII,
420 3201 516 3267 Bred.
527 3222 559 3284 p.
572 3205 650 3283 3243
666 3200 707 3266 de
722 3206 899 3265 ceterorum
914 3200 1028 3264 Ionum
1041 3219 1100 3262 usu
1115 3216 1186 3262 eum
1201 3193 1376 3262 heredeteo

249 3299 460 3365 consentienti
491 3298 532 3364 ef.
559 3299 703 3378 Renner,
733 3296 862 3362 Studl
888 3299 918 3359 2.
942 3299 1013 3377 20),
1047 3292 1285 3369 eodemmodo
1314 3292 1375 3359 etsi

252 3394 288 3462 de
320 3399 462 3476 θέωμαι
490 3400 601 3460 θέωσι
636 3394 792 3459 dubitatio
826 3394 955 3458 omnino
989 3392 1064 3458 oriri
1093 3390 1218 3473 nequit,
1251 3410 1376 3455 summa

251 3492 431 3558 eunstautia
452 3493 614 3557 seribitur:
638 3495 744 3576 θῆται
766 3491 781 3553 l
805 3493 856 3572 29,
879 3495 1021 3575 προσθῇ
1044 3489 1090 3553 VI
1108 3490 1177 3568 109,
1201 3483 1376 3572 ὑποθῆται

253 3587 379 3654 11134
409 3588 487 3653 VIII
509 3592 548 3652 97
581 3596 613 3655 et
642 3607 725 3670 quae
752 3587 851 3652 semel
880 3587 997 3652 afferre
1025 3586 1100 3650 lieet
1129 3580 1238 3667 ἀναβῇ
1266 3583 1374 3665 1113,

254 3681 332 3772 ἐκβῇ
355 3686 389 3750 ΙΙ
413 3689 452 3751 68
478 3685 635 3765 vuaso,
659 3682 793 3769 ἀποστῇ
816 3682 896 3748 VIII
914 3687 985 3762 130,
1009 3677 1212 3766 ἀναπτῆσθε
1234 3678 1278 3742 IV
1304 3681 1380 3743 132..

255 3782 277 3846 11
303 3783 407 3849 titulis
435 3783 544 3863 eonfer
572 3786 767 3867 προςθῆται
794 3782 828 3846 iu
853 3800 884 3846 v.
908 3784 948 3845 33
977 3779 1024 3842 tit.
1046 3777 1141 3842 halie.
1185 3772 1269 3853 Quid
1297 3772 1375 3839 inde

255 3879 415 3962 sequitur?
459 3881 542 3946 Num
565 3878 777 3945 haecomnia
803 3876 944 3942 librariIs
965 3870 1145 3940 debentur?
1188 3869 1290 3934 Nemo
1312 3868 1375 3932 hoe

286 3980 412 4046 enarras,
427 3980 521 4022 Studien
534 3979 593 4021 VIII.
1139 3972 1167 4022 11
1286 3998 1296 4019 ε
