3575 5334
331 692 394 753 260
722 734 724 737 -
847 691 935 746 Canen

330 865 499 932 vetustatis
521 864 702 944 auotoritas,
730 870 839 928 tamen
864 865 894 926 0
918 865 1106 947 scripturam
1130 863 1293 947 praeferre
1314 882 1379 926 non
1402 864 1456 928 du·

331 964 409 1043 bito,
433 963 509 1044 quia
530 962 613 1025 hanc
636 961 765 1025 omnino
788 962 821 1025 in
844 962 894 1027 his
908 962 1004 1027 rebus
1026 962 1131 1043 legem
1146 981 1272 1043 sequor,
1296 967 1331 1025 ut
1347 960 1379 1023 Ο
1401 982 1455 1044 pro

332 1083 370 1123 ου
385 1058 527 1142 genuina
543 1057 669 1140 positae
683 1078 779 1140 quam
795 1060 915 1142 possim
930 1059 1124 1141 paucissima
1142 1058 1293 1141 exempla
1308 1065 1456 1124 statuam.

331 1163 460 1223 exstant
480 1174 559 1221 sane
581 1156 699 1237 aliqua,
723 1156 780 1222 sed
803 1175 909 1238 neque
930 1163 1005 1222 sunt
1018 1156 1097 1222 satis
1118 1156 1244 1239 priscae
1266 1158 1385 1222 aetatis
1406 1176 1458 1222 ne-

331 1273 392 1337 que
415 1258 549 1337 possunt
571 1272 658 1333 esse,
691 1252 842 1332 quoniam
865 1250 928 1315 ΟΥ
951 1274 1009 1337 pro
1032 1275 1070 1317 ον
1092 1253 1277 1319 adulterina
1298 1253 1457 1321 scribendi

330 1352 424 1432 vitio,
454 1351 504 1416 cui
526 1351 598 1433 ipsa
620 1350 836 1431 pronuntiatio
858 1370 975 1416 causae
1001 1351 1074 1432 luit,
1104 1351 1293 1434 pervolgato
1315 1351 1458 1434 aliquan·

330 1455 398 1513 tum
420 1449 484 1511 iam
507 1447 701 1528 temporis'³)
728 1447 933 1529 praeteriisse
955 1449 1133 1531 putandum
1156 1457 1221 1529 est,
1252 1447 1357 1512 donec
1378 1447 1457 1512 illud

331 1553 416 1611 retro
438 1563 565 1609 versum
589 1544 702 1621 effecit,
726 1551 761 1607 ut
782 1543 878 1610 etiam
899 1543 930 1606 0
953 1565 1011 1627 pro
1035 1567 1073 1608 ον
1095 1547 1237 1628 genuina
1258 1545 1457 1610 scriberetur.

418 1662 456 1704 oo
478 1641 512 1704 in
534 1662 572 1702 oo
595 1647 775 1707 contractas
806 1642 963 1707 habemus
986 1642 1083 1707 etiam
1115 1644 1149 1707 in
1178 1642 1388 1724 genetiuis
1414 1663 1457 1708 se·

331 1737 473 1818 cundae,
507 1757 589 1818 quae
618 1736 747 1817 dicitur,
778 1737 1014 1805 declinationis.
1065 1741 1179 1806 eadem
1209 1740 1395 1805 terminatio
1427 1740 1457 1803 in

332 1835 485 1918 stirpibus
507 1835 674 1899 masculini
696 1836 824 1917 generis
846 1836 879 1900 in
899 1841 920 1899 ᾶ
945 1836 1166 1903 desinentibus
1186 1844 1243 1902 aut
1265 1855 1306 1902 ex
1330 1860 1366 1901 εο
1389 1856 1457 1902 οοο-

333 1939 434 1997 tracta
456 1938 581 1998 estant
603 1932 686 1998 falsa
708 1933 854 2015 stirpium
876 1934 911 1997 in
934 1933 1183 2000 odesinentium
1204 1934 1360 2017 analogia
1381 1941 1455 1999 orta

332 2037 499 2111 utramque
522 2047 578 2110 per
600 2028 631 2089 Ο
654 2030 750 2094 scribi
772 2039 1023 2097 consentaneum
1046 2038 1103 2097 est.

420 2148 454 2190 εο
477 2125 510 2189 in
534 2147 572 2187 ov
595 2133 778 2191 contractae
806 2135 879 2191 sunt
908 2128 941 2192 in
964 2147 1096 2193 numero
1125 2128 1204 2193 satis
1226 2149 1346 2210 magno
1370 2149 1457 2193 voca·

334 2225 479 2288 bulorum
508 2222 769 2305 compositorum,
802 2244 935 2306 quorum
962 2226 1086 2308 primae
1112 2232 1221 2308 partes
1249 2247 1303 2289 νεο
1335 2233 1368 2290 et
1399 2230 1456 2290 θεο

335 2322 488 2404 stirpibus
510 2319 731 2385 continentur:
918 2384 928 2420 p
1077 2381 1081 2388 .

421 2421 624 2500 νουμηνία
657 2420 733 2497 ila,
759 2430 795 2480 19.
824 2430 861 2480 33.
909 2414 1098 2501 Νουμήνιος
1128 2422 1200 2500 433,
1231 2431 1270 2483 84.
1308 2421 1408 2499 reeb,
1435 2432 1456 2482 2.

335 2521 440 2581 exstat
463 2518 621 2595 νουμηνία
644 2513 741 2580 etiam
760 2517 854 2598 189a,
873 2528 910 2599 13,
934 2515 992 2581 sed
1014 2515 1061 2581 ita
1083 2515 1272 2597 mutilatum,
1297 2524 1332 2581 ut
1349 2516 1457 2581 diiudi-

335 2614 400 2677 cari
423 2633 487 2676 non
508 2611 619 2694 possit,
642 2619 746 2676 utrum
770 2610 833 2675 ΟΥ
856 2634 899 2678 an
922 2613 953 2676 0
976 2614 1095 2698 scripta
1117 2612 1222 2677 fuerit.
1267 2633 1458 2695 quamquam

336 2708 529 2774 Dictriohius
571 2706 629 2783 (Κ.
662 2710 696 2773 Ζ.
735 2708 824 2790 XIV,
862 2714 914 2787 57)
958 2708 1021 2773 ΟΥ
1057 2728 1233 2793 agnoscere
1268 2730 1366 2793 posse
1402 2710 1459 2776 sibi

337 2806 425 2871 visus
455 2812 512 2870 est.
1216 2868 1220 2884 ,

425 2905 519 2978 (deo,
544 2902 628 2985 quod
651 2911 700 2969 est
715 2904 756 2968 ab
771 2904 862 2969 initio
877 2905 1048 2969 multorum
1063 2905 1226 2968 nominum
1250 2905 1460 2987 propriorum,
1520 2895 1523 2903 ⁴

337 2999 434 3065 Attici
467 3000 597 3082 saepius
628 3000 661 3064 in
692 3001 817 3083 volgari
850 3020 1012 3082 sermone,
1046 3021 1142 3083 quam
1173 3000 1260 3085 apud
1293 3003 1462 3086 scriptores

337 3097 490 3163 librorum
512 3097 629 3162 lactum
653 3104 711 3178 est,
733 3098 767 3161 in
788 3099 857 3161 Θου
880 3098 1080 3164 contraxisse
1101 3098 1260 3178 videntur,
1284 3098 1311 3164 si
1335 3100 1461 3182 quidem

337 3197 535 3279 complurum
556 3196 721 3261 nominum
750 3194 871 3261 formae
893 3201 1078 3262 contractae
1101 3196 1162 3261 nisi
1190 3196 1224 3260 in
1252 3194 1463 3279 inscriptioni·

338 3294 397 3359 bus
430 3314 495 3358 non
527 3299 664 3358 exstant.
715 3312 907 3375 quamquam
940 3313 982 3359 ne
1015 3293 1137 3359 alterae
1173 3292 1303 3375 quidem
1339 3293 1461 3373 desunt,

339 3411 421 3473 quae
450 3410 490 3455 cx
517 3389 623 3454 indice
645 3389 884 3459 Kirobboffiano
914 3391 1020 3473 colligi
1052 3397 1194 3473 possunt.
1240 3409 1279 3452 ου
1308 3391 1461 3457 babemus

338 3487 372 3551 in
394 3488 444 3552 bis
467 3487 665 3552 nominibus:

426 3580 626 3657 Θούδιππος
658 3586 696 3647 37
707 3603 736 3664 a,
765 3594 790 3646 t.
839 3581 1024 3658 Θονδόσιος
1056 3586 1128 3663 437,
1157 3596 1181 3647 7.
1232 3580 1460 3665 (dooduiprxogl

339 3684 411 3761 449,
443 3692 480 3743 11.
520 3677 697 3761 Θούδωρος
720 3682 817 3760 4323,
850 3681 885 3761 Β,
912 3693 948 3743 10.
989 3677 1188 3761 Θουκλείδης
1216 3682 1289 3761 338,
1313 3693 1339 3744 5.
1380 3684 1460 3745 Θον-

339 3773 471 3860 κυδίδης
497 3779 565 3856 131,
592 3790 612 3839 1.
645 3776 746 3858 2737),
769 3788 808 3838 34.
836 3788 875 3841 35.
910 3780 982 3853 433,
1005 3788 1046 3840 30.
1084 3780 1156 3857 447,
1179 3788 1203 3840 4.
1249 3775 1460 3861 Θούμβροτος

340 3898 544 3907 ————

411 3957 441 4023 ¹³)
465 3955 532 4008 haec
549 3954 610 4023 ipsa
628 3969 711 4009 causa
729 3960 785 4014 est.
809 3961 1019 4024 propterquam
1037 3960 1061 4007 0
1079 3955 1149 4010 falso
1167 3956 1286 4025 scriptae
1304 3958 1387 4013 etiarn
1402 3961 1461 4027 post

339 4036 481 4091 Euclidem
497 4035 627 4089 nonnulla
645 4035 768 4104 exempla
785 4033 965 4103 reperiuntur,
984 4050 1054 4105 quae
1064 4035 1093 4089 in
1105 4036 1157 4090 hac
1169 4035 1363 4093 dissertatione
1380 4034 1459 4092 omisi.

339 4133 394 4171 non
411 4117 482 4171 eninr
499 4114 642 4169 fluctuanti
661 4115 691 4168 in
708 4115 769 4183 ipsa
786 4114 877 4183 lingua
898 4114 1122 4185 pronuntiationi,
1146 4115 1193 4170 sed
1209 4116 1315 4173 incerto
1333 4118 1460 4187 aliquam·

340 4196 385 4250 diu
408 4202 470 4264 post
488 4210 583 4250 noram
599 4193 768 4249 literaturam
786 4200 923 4264 receptam
945 4196 1123 4265 lapicidarum
1146 4196 1240 4251 sensui
1257 4197 1461 4267 orthographiae

340 4275 479 4332 debentur.
