3575 5334
652 729 685 784 de
703 729 818 785 dialecto
836 732 929 787 Attica
946 733 1100 789 uetustiore.
1137 734 1158 787 1.
1410 737 1472 799 289

341 898 487 979 Γρυνχῆς
516 902 589 980 229,
614 904 666 966 mh.
705 905 778 983 236,
800 913 836 967 4.
869 906 946 985 239,
975 918 1013 971 u.
1048 910 1126 988 244,
1149 920 1203 971 4.·
1237 906 1327 991 ἐνγύς
1350 916 1422 994 465,
1445 927 1469 979 a

341 986 526 1077 Εῧάνγελος
549 1000 620 1079 434,
644 1010 683 1065 24.
721 998 950 1085 Κλεόνβροτος
972 1007 1045 1086 433,
1068 1016 1106 1068 28.
1151 1003 1323 1089 lautiorem
1349 1012 1412 1092 1Α,
1429 1024 1468 1077 42.

340 1097 568 1178 Λανψακηνοί
596 1099 667 1179 238,
691 1095 729 1162 41.
769 1094 1028 1180 Ὀλυνπιάρατος
1054 1104 1125 1184 447,
1149 1114 1188 1167 38.
1230 1104 1470 1189 Σηλυνβριανοί

340 1186 435 1273 4228,
461 1202 498 1254 lo.
529 1196 655 1275 Σίνγιοι
678 1198 749 1276 233,
777 1194 826 1260 441.
851 1199 923 1278 234,
947 1208 986 1263 24.
1010 1199 1081 1278 235,
1105 1209 1141 1263 5⁰.
1175 1198 1373 1285 Στρόνβιχος
1395 1207 1467 1271 388.

339 1291 480 1366 vorssar]
504 1293 554 1372 48,
577 1302 601 1354 2.

425 1406 490 1450 444
513 1387 625 1470 ignoro
649 1386 874 1470 Κλεόνβροτος
898 1399 929 1457 44
951 1391 1190 1476 Σηλυνβριανοί
1218 1414 1288 1463 4444
1310 1398 1468 1463 vocabula

339 1483 525 1567 composita,
549 1485 607 1551 sed
629 1487 797 1569 posteriori
818 1490 928 1571 generi
951 1508 990 1555 ea
1014 1488 1229 1558 adscribenda
1252 1513 1323 1560 esse
1344 1496 1466 1578 putavi,

339 1578 415 1661 4414
436 1582 559 1649 4444114
581 1582 674 1649 litera
695 1585 730 1649 in
753 1587 799 1651 eis
821 1607 885 1651 non
909 1592 985 1652 ante
1011 1589 1251 1655 commissuram
1281 1591 1385 1674 posita
1408 1598 1465 1673 est,

338 1675 396 1743 sed
419 1678 461 1743 ab
483 1680 574 1746 initio
597 1681 704 1766 stirpis
727 1684 912 1766 posterioris
933 1685 998 1749 iam
1020 1691 1097 1751 ante
1111 1688 1373 1770 compositionem
1395 1710 1467 1773 pro-

338 1774 557 1843 nuntiabatur.
602 1778 1011 1865 444141Λ4μπτρεὺς386
1035 1788 1088 1860 t=
1111 1784 1214 1868 Rsng.
1238 1785 1263 1865 Ι,
1287 1789 1350 1868 48),
1380 1788 1466 1870 quod

338 1868 560 1941 Weckleinius
589 1898 619 1959 p.
643 1882 683 1942 49
713 1880 816 1945 affert.
861 1899 937 1944 nam
960 1898 1042 1961 4444
1065 1881 1098 1943 14
1127 1880 1187 1947 hoc
1209 1883 1339 1950 nomine
1361 1891 1467 1951 444444

338 1968 362 2029 s*
393 1967 527 2052 liguram
548 1992 591 2038 44
613 1976 643 2037 Μ
666 1977 821 2059 reliquam
845 1996 916 2043 4444
938 1982 1083 2058 apertum
1107 1983 1165 2042 est.

422 2067 541 2136 similia
563 2091 681 2156 eorum,
705 2093 787 2155 4444
810 2072 976 2157 adscripsi,
1000 2075 1151 2155 exempla
1173 2094 1213 2139 44
1236 2078 1465 2158 posterioribus

337 2163 439 2231 4144114
462 2168 575 2234 Atticis
606 2176 637 2235 et
666 2190 707 2235 44
736 2191 794 2235 444
823 2176 998 2237 ceterarum
1028 2169 1237 2235 dialectorum
1268 2173 1466 2255 collegerunt

337 2258 518 2344 Giesius,
567 2265 696 2342 „Uober
740 2266 803 2331 den
840 2268 1025 2333 aeolischen
1064 2267 1221 2333 Dialekt“
1264 2290 1296 2350 p.
1324 2272 1365 2334 85
1387 2290 1456 2352 sqq.

337 2358 547 2440 Franzius,
583 2364 684 2429 Elem.
714 2363 814 2447 epigr.
842 2364 896 2429 Gr.
925 2385 957 2447 p.
981 2366 1032 2443 48,
1066 2363 1360 2447 Weckleinius,
1391 2364 1463 2431 (144.

337 2475 386 2540 ep.
403 2477 434 2541 p.
452 2462 503 2523 49.
544 2479 584 2526 44
607 2461 720 2542 quibus
743 2461 890 2527 omnibus
906 2462 932 2527 41
949 2460 1110 2544 quaeritur
1133 2483 1208 2526 num
1231 2460 1307 2544 quid
1331 2462 1371 2529 de
1393 2464 1464 2547 ipsa

335 2556 596 2639 pronuntiatione
618 2558 725 2641 colligi
747 2558 857 2641 possit,
881 2577 946 2623 nou
966 2557 1076 2623 dubito
1100 2558 1160 2624 hoo
1182 2578 1310 2641 prorsus
1332 2579 1460 2643 negare.

335 2651 472 2735 primum
502 2654 588 2719 enim
610 2674 704 2721 nemo
727 2655 881 2738 cogitabit
909 2654 1019 2720 literas
1042 2678 1103 2733 νπ,
1134 2680 1186 2733 aa,
1216 2655 1254 2720 νλ
1283 2660 1315 2721 44
1343 2656 1464 2723 similos

334 2769 464 2833 prorsus
485 2753 724 2819 accommodate
740 2753 782 2819 ad
798 2753 986 2836 scripturam
1008 2753 1232 2835 pronuntiatas
1254 2772 1340 2835 4444,
1364 2774 1464 2837 4444·

333 2848 396 2912 iam
420 2848 454 2914 in
478 2851 599 2917 eisdem
622 2849 893 2935 inscriptionibus,
916 2868 999 2932 4444
1021 2869 1076 2915 444
1098 2851 1144 2914 144
1166 2851 1301 2933 scriptas
1322 2851 1375 2916 bic
1396 2851 1464 2917 illic

334 2944 497 3026 exhibent,
521 2948 719 3013 assimulatio
741 2948 775 3012 in
798 2948 1005 3013 commissura
1025 2947 1252 3012 vocabulorum
1275 2948 1463 3030 saepissime

333 3039 418 3107 facta
448 3051 513 3127 444,
546 3044 632 3110 unde
666 3045 900 3128 intellegimus,
936 3042 1204 3126 quemadmodum
1233 3042 1349 3109 Gracci
1377 3045 1461 3109 soliti

333 3136 451 3204 fuerint
472 3140 596 3224 volgari
625 3161 772 3208 sermone
795 3144 923 3208 nasales
946 3140 1197 3206 consonantibus
1218 3140 1462 3220 insequentibus

332 3235 531 3304 assimulare.
586 3239 672 3321 quod
695 3259 766 3305 oum
789 3260 853 3304 non
881 3239 1060 3321 ignoraret,
1089 3235 1216 3300 Giesius
1244 3234 1289 3298 ita
1311 3253 1377 3299 rem
1400 3236 1460 3301 sibi

332 3329 441 3417 114414,
471 3342 505 3400 44
527 3360 544 3399 ν
567 3342 642 3402 4444
664 3336 773 3402 literas
795 3357 860 3401 non
884 3334 1032 3400 dentales
1060 3331 1179 3414 scripta
1200 3329 1340 3396 medium
1364 3351 1461 3414 quen-

333 3427 407 3494 dam
437 3438 470 3498 44
498 3433 704 3500 consonantis
732 3431 931 3517 insequentis
960 3437 1075 3496 natura
1104 3436 1316 3510 temperatum
1348 3449 1459 3495 sonum

332 3526 543 3610 significaret,
573 3550 666 3613 quem
690 3551 760 3596 cum
791 3549 954 3597 anusrara
976 3526 1128 3591 Indorum
1155 3546 1220 3590 uon
1247 3525 1356 3609 inepte
1379 3546 1462 3591 com-

331 3624 469 3707 paravit.
507 3634 540 3692 at
561 3649 694 3712 parvam
718 3629 817 3693 habet
842 3628 982 3709 speciem
1006 3621 1242 3707 probabilitatis
1264 3624 1375 3707 paucis
1397 3624 1461 3690 11114

332 3723 490 3807 exemplis
519 3725 695 3810 scripturae
725 3724 867 3807 alioquin
897 3721 1069 3787 inusitatae
1098 3719 1291 3803 peculiarem
1320 3721 1460 3803 aliquam

331 3822 625 3903 pronuntiationem
647 3822 836 3901 tribucre²⁹q
860 3818 1048 3904 praesertim
1072 3837 1142 3882 oum
1165 3816 1265 3883 Giesii
1289 3818 1460 3900 explicatio

399 4072 433 4139 ²⁹)
461 4087 523 4127 nam
549 4089 638 4144 pauca
662 4074 730 4128 haec
753 4073 876 4141 exempla
900 4087 954 4125 non
979 4070 1073 4125 eadem
1096 4070 1201 4124 ratione
1229 4067 1372 4123 tractanda
1393 4082 1461 4131 esse,

331 4168 384 4221 qua
401 4151 515 4208 similem
540 4155 628 4223 prtmo
646 4154 757 4219 obtutu,
782 4153 829 4209 sed
853 4168 966 4222 prorsus
992 4153 1092 4205 certam
1115 4147 1337 4205 consuetudinem
1362 4146 1459 4202 inscri-

330 4231 453 4301 ptionum
472 4233 631 4305 Cypriorum
649 4250 736 4304 nuper
752 4232 925 4289 Deeclrius
951 4236 978 4286 et
1001 4229 1268 4298 Siegismundius
1293 4226 1377 4291 (Stud.
1396 4226 1457 4291 Vll,

331 4314 379 4367 229
397 4318 466 4383 sqq.)
485 4315 695 4385 explicaverunt,
713 4313 792 4369 facile
810 4312 981 4380 intellegitur.

382 4398 490 4451 0444444,
506 4400 599 4444 Studien
614 4401 674 4442 VIII.
1225 4396 1253 4445 13
