3575 5334
750 682 783 737 de
800 682 883 751 alpha
900 682 1041 736 intensive.
1393 682 1453 741 115

330 851 486 928 δασκίοις
517 859 553 917 ut
584 850 739 918 Christius
773 859 804 918 et
831 851 1075 933 Mommsenus,
1097 852 1156 919 sed
1187 852 1215 918 si
1244 851 1315 934 quis
1347 860 1457 920 tamen

329 956 456 1016 montes
477 949 551 1016 illos
573 950 732 1015 saltuosos
754 949 852 1015 luisse
873 950 1062 1033 arbitratur,
1092 952 1120 1017 is
1147 948 1209 1014 nisi
1233 947 1388 1027 δασκίοις
1409 970 1457 1016 ro-

330 1048 430 1132 ponit,
453 1043 574 1123 δσκιος
594 1047 737 1129 argutius
759 1067 853 1128 quam
877 1049 983 1114 verius
1002 1069 1039 1114 eo
1056 1047 1229 1115 defendere
1243 1053 1350 1131 potest
1371 1046 1456 1129 quod

332 1146 401 1211 sine
429 1146 502 1211 luoe
530 1143 643 1209 umbra
671 1144 761 1208 nulla
789 1144 839 1210 sit.
883 1145 976 1211 Hanc
998 1164 1059 1228 ego
1081 1145 1378 1228 interpretationem
1401 1144 1457 1209 mi·

332 1242 417 1308 nime
439 1242 626 1324 amplector.
671 1240 813 1325 Bergkio
835 1241 994 1309 Pindarus
1017 1241 1183 1325 scripsisse
1208 1242 1335 1308 videtur
1363 1239 1458 1306 νικά-

334 1334 430 1406 σαντ’
466 1336 589 1424 ἕρεηυεν
622 1335 709 1422 κάρα
745 1337 929 1416 Φλιοῦντος
961 1335 1023 1404 ὑπ’
1055 1332 1211 1423 ὠγυγίοις
1244 1334 1374 1423 ὄρεσιν,
1408 1338 1458 1402 cui

333 1436 439 1504 versui
484 1436 622 1518 ascripta
664 1436 886 1517 interpretatio
927 1435 1082 1513 δασκίοις
1121 1437 1262 1503 effecerit
1297 1443 1333 1500 ut
1370 1437 1459 1501 locus

333 1552 432 1616 grave
460 1533 572 1597 vitium
602 1532 814 1598 contraheret.
859 1534 941 1599 Item
969 1534 1061 1616 frgm.
1089 1538 1147 1599 157
1175 1533 1294 1616 Bergk.
1324 1531 1359 1599 ἐν
1387 1531 1459 1595 δα-

336 1633 526 1695 σκίοισιν
549 1627 660 1715 πατήρ
684 1649 741 1712 pro
765 1627 800 1695 ἒν
824 1626 857 1692 δ’
883 1628 1054 1696 ἀσκίοισιν
1075 1652 1160 1697 nunc
1182 1632 1336 1697 scribitur.
1373 1630 1459 1694 Duo-

335 1727 393 1792 bus
426 1732 534 1790 antem
566 1725 640 1791 aliis
673 1726 752 1791 locis
786 1722 905 1803 ἄοκιος
934 1732 1024 1793 suam
1053 1729 1152 1794 habet
1178 1727 1459 1811 significationem:

336 1824 404 1889 siue
426 1822 549 1903 umbra,
573 1824 677 1891 Strab.
694 1824 791 1889 XVII
812 1845 843 1907 p.
862 1828 923 1889 817
948 1822 1077 1912 δῆλιος
1099 1824 1184 1890 κατὰ
1206 1823 1357 1912 κορυφὴν
1381 1819 1460 1911 ἡμῖν

336 1925 463 2004 γίνεται
486 1920 543 1983 καὶ
566 1919 755 1997 ποιεῖτοδς
770 1918 944 2003 γνώμονας
967 1917 1143 1999 ἀσκίους
1164 1921 1225 2008 τὴν
1247 1925 1458 2008 μεσημβρίαν

336 2017 356 2082 i.
378 2039 406 2083 e.
436 2018 485 2082 sol
507 2017 600 2081 nobis
622 2038 720 2100 snpra
742 2018 892 2083 verticem
916 2017 964 2098 fit,
995 2025 1029 2082 ut
1051 2020 1173 2083 nnllam
1196 2038 1373 2101 gnomones
1396 2040 1462 2082 nm-

337 2116 425 2179 bram
455 2113 588 2179 meridie
616 2114 783 2196 proiciant.
834 2115 916 2179 Item
945 2114 1072 2179 Heliod.
1101 2115 1195 2180 Aeth.
1224 2116 1273 2179 IX
1303 2119 1343 2178 22
1374 2114 1463 2180 ἐδεί-

339 2234 460 2277 κνυσαν
491 2210 527 2275 δὲ
559 2211 616 2275 καὶ
643 2208 722 2288 τούς
749 2217 817 2275 τῶν
846 2207 1042 2295 ὦρονομίων
1070 2209 1259 2295 γνώμονας,
1283 2208 1461 2287 ἀσκίους

339 2307 421 2375 κατὰ
461 2312 674 2394 μεσημβρίαν
714 2302 823 2385 ὄντας.
887 2309 1005 2374 Nescio
1045 2310 1098 2391 qui
1135 2309 1261 2392 physici
1299 2309 1350 2373 his
1384 2309 1462 2375 locis

339 2406 491 2472 Passovio
520 2405 620 2487 alpha
642 2405 854 2487 euphonicum
877 2406 1173 2474 commendaverint
1204 2427 1263 2490 pro
1293 2403 1461 2490 privativo.

340 2502 541 2586 Diogeniano
564 2509 670 2567 autem
686 2503 867 2585 Hesychius
888 2506 1030 2586 glossam
1052 2502 1225 2569 inculcavit
1246 2500 1365 2578 δοκιος
1386 2499 1462 2588 δίη·

342 2600 460 2666 δασεῖα
492 2596 569 2684 δίη,
607 2619 702 2680 quam
736 2600 836 2665 Maur.
870 2601 1066 2666 Schmidtius
1098 2600 1142 2664 ad
1177 2602 1291 2665 0273
1323 2598 1464 2676 δάσκιος

341 2696 397 2785 δίη
436 2697 557 2762 rettulit
587 2696 641 2760 ubi
678 2705 828 2764 consueto
862 2719 968 2766 errore
998 2699 1086 2764 delta
1120 2698 1154 2762 in
1183 2697 1345 2763 nonnullis
1374 2698 1465 2763 libris

342 2795 491 2860 omissum
514 2799 593 2859 erat.

426 2934 683 3024 5)·ἆσισιδής

342 3097 447 3160 σμασι
469 3093 508 3152 Λ
529 3091 591 3151 754
620 3086 823 3153 scribendum
845 3089 887 3153 sit
909 3110 951 3153 an
975 3085 1110 3170 σπιδής,
1140 3087 1195 3150 diu
1217 3089 1414 3168 multumque
1436 3094 1468 3152 et

342 3195 467 3253 veteres
489 3185 689 3267 grammatici
711 3192 743 3250 et
770 3186 964 3250 recentiores
987 3184 1229 3267 quaesiverunt,
1259 3182 1362 3247 donec
1383 3203 1467 3247 nunc

343 3285 532 3367 scripturam
567 3280 614 3345 δι’
650 3278 817 3358 dentatos
853 3281 990 3346 πεδίοιο
1018 3281 1121 3345 altera
1148 3279 1207 3343 illa
1240 3277 1295 3342 διὰ
1326 3277 1469 3355 σπιδέος

344 3381 420 3447 σεδ.
443 3399 614 3462 superasse
635 3380 771 3445 videtur.
802 3380 878 3445 Post
900 3378 1061 3461 Heynium
1084 3378 1261 3442 accuratius
1284 3376 1469 3458 Spitznerus

344 3499 412 3546 exc.
441 3477 543 3543 XXII
571 3496 654 3559 quae
682 3497 752 3541 cnm
779 3477 815 3541 in
842 3478 892 3541 Et.
917 3476 958 3540 M.
986 3479 1064 3556 271,
1092 3479 1110 3540 8
1139 3480 1206 3538 tum
1235 3474 1333 3539 schol.
1357 3474 1386 3538 A
1407 3481 1470 3539 tra-

345 3576 412 3641 dita
434 3578 510 3640 sunt
532 3574 742 3655 examinavit,
772 3573 856 3638 unde
879 3573 1031 3637 discimus
1052 3571 1268 3652 Zenodotum‚
1297 3571 1468 3652 Ameriam,

345 3671 564 3739 Herodianum
589 3669 644 3734 διὰ
668 3668 813 3747 σπιδέος
835 3671 1016 3753 scripsisse,
1040 3668 1274 3750 Aristarchum,
1298 3667 1469 3750 Cratetem,

346 3770 565 3836 Ptolemaeum
590 3767 808 3832 Ascalonitam
838 3764 888 3831 δι’
921 3764 1104 3843 ἀσιιιδὲος,
1136 3766 1326 3831 Alexionem
1353 3771 1472 3831 utrum-

348 3887 407 3949 qne
435 3865 600 3950 probasse.
648 3863 709 3942 Qui
738 3861 888 3950 ἀσπιδής
916 3864 1050 3929 formam
1080 3864 1299 3946 praetulerunt
1328 3884 1392 3927 non
1414 3862 1472 3927 mi·

347 3986 414 4030 rum
438 3961 524 4045 quod
546 3968 673 4045 praeter
696 3961 777 4025 alias
800 3960 1032 4044 explicationes
1054 3961 1154 4044 alpha
1176 3960 1370 4025 intensivum
1392 3959 1472 4023 asci-

349 4067 472 4140 verunt,
495 4059 583 4124 unde
601 4060 755 4142 aptiorem
779 4077 858 4123 sane
879 4078 1008 4123 sensum
1025 4058 1177 4124 elicerent
1196 4078 1290 4139 qnam
1314 4075 1355 4120 ex
1376 4054 1473 4137 clipei

350 4156 503 4224 vocabulo
530 4152 644 4232 ἀσπίς.
683 4156 832 4220 Fortasse
858 4153 1060 4220 Aristarchus
1083 4161 1117 4219 nt
1141 4154 1292 4218 Lehrsius
1315 4150 1355 4214 de
1376 4151 1472 4215 Arist.

351 4254 431 4319 stud.
467 4253 579 4318 Ηοιυ.2
614 4256 673 4317 153
707 4253 817 4318 statuit
850 4252 928 4318 satis
962 4253 1074 4317 habuit
1106 4250 1212 4314 varias
1244 4247 1474 4330 explicationes

1231 4349 1270 4400 g*
