3575 5334
647 696 680 751 de
699 696 813 751 dialecto
832 697 926 751 Attica
943 697 1097 753 vetustiore.
1133 699 1153 751 Ι.
1402 695 1463 757 253

421 872 673 947 [corbeieae
703 872 782 950 389,
808 882 835 933 ts
863 869 914 945 (61.
937 870 1105 935 Franzium
1129 872 1151 935 l.
1174 872 1218 946 l).
1262 869 1464 951 Τεισαμενός

337 970 408 1046 133,
432 978 456 1030 2.
505 966 865 1047 Τείσονδρος449,19
897 968 1097 1033 6116116116
1128 971 1271 1049 446,11.
1328 974 1464 1046 Τεισίας

334 1066 415 1145 299,
446 1075 484 1128 16.
539 1070 737 1145 Τεισίμοχος
769 1070 846 1144 181,
875 1076 900 1127 6.
941 1067 1020 1144 299,
1051 1078 1089 1129 15.
1121 1066 1254 1131 ¹solitae
1288 1067 1464 1150 scripturae

332 1181 391 1243 per
414 1161 593 1245 simplicem
617 1187 629 1226 ι
650 1163 683 1226 in
712 1163 763 1227 his
785 1163 969 1227 nominibus
991 1184 1012 1227 a
1037 1169 1117 1226 Τιο-
1139 1164 1366 1247 incipientibus
1395 1166 1464 1229 nul-

332 1260 400 1324 lum
424 1261 607 1343 exemplum
635 1261 749 1344 reperi.
794 1260 852 1325 sed
881 1259 954 1341 ipsa
982 1260 1063 1325 baec
1091 1279 1188 1326 causa
1218 1268 1281 1342 est,
1314 1282 1369 1326 cur
1397 1283 1462 1327 non

332 1357 404 1422 sine
426 1358 536 1438 aliqua
566 1357 766 1423 dubitatione
795 1359 875 1422 haee
899 1358 1103 1439 exemplari
1125 1359 1177 1423 vel
1199 1382 1249 1422 τει
1271 1358 1380 1442 stirpis
1401 1360 1464 1425 huc

333 1455 507 1520 retulerim.
552 1475 627 1519 nam
651 1455 692 1520 de
715 1480 744 1519 ει
766 1456 924 1538 scriptura
945 1455 1136 1521 vetustiores
1166 1456 1249 1520 tituli
1271 1477 1337 1520 non
1359 1457 1462 1522 solum

333 1552 443 1631 Attici,
472 1552 529 1617 sed
552 1552 650 1616 etiam
673 1554 781 1618 Dorici
804 1553 943 1629 (Abrens
968 1555 1040 1627 184)
1064 1560 1095 1617 et
1118 1554 1240 1617 Aeolici
1263 1553 1318 1624 (id.
1342 1557 1395 1632 97)
1418 1554 1464 1618 116

333 1650 552 1729 consentiunt,
582 1655 617 1712 ut
638 1649 742 1732 ipsam
765 1674 815 1713 τει
836 1649 1044 1715 vetustiorem
1066 1649 1200 1714 formam
1223 1650 1346 1733 stirpis,
1380 1670 1463 1732 quae

334 1747 464 1829 quidem
486 1746 521 1810 in
543 1746 608 1812 illis
631 1749 788 1831 exemplis
811 1754 932 1827 exstet,
961 1754 1074 1830 putare
1097 1768 1162 1811 non
1187 1767 1321 1831 parvam
1344 1748 1463 1814 babeat

333 1845 474 1927 speeiem
503 1843 750 1928 probabilitatis.
795 1851 921 1925 tamen,
955 1846 1030 1925 quia
1058 1863 1110 1909 res
1132 1865 1196 1908 non
1225 1866 1353 1928 prorsus
1376 1854 1463 1911 certa

333 1949 391 2023 est,
414 1942 496 2007 haec
517 1961 643 2023 quoque
665 1942 778 2007 ceteris
795 1942 953 2024 exemplis
969 1941 1166 2025 depravatae
1190 1943 1461 2024 pronuntiationis

333 2065 345 2103 ι
366 2039 490 2104 vocalis
512 2038 655 2104 adiunxi.

421 2158 682 2242 Τειθράσιος
707 2165 776 2241 179,
800 2172 824 2224 3.
849 2172 886 2225 14.
910 2196 952 2207 -
977 2158 1207 2236 Φλειάσιος
1229 2167 1280 2242 45,
1306 2175 1342 2225 15.

417 2291 653 2356 Ποτείδαια
677 2296 748 2373 340,
772 2304 795 2353 2.
827 2296 899 2371 442,
921 2304 945 2356 6.
970 2305 1007 2358 10.
1054 2291 1296 2356 Ποτειδαιᾶται
1319 2296 1391 2371 236,
1423 2307 1461 2358 14.

332 2388 556 2453 Ποτειδεᾶται
580 2394 651 2471 249,
675 2402 713 2453 50.
746 2392 819 2468 242,
842 2402 865 2454 5.
899 2393 971 2470 244,
994 2401 1033 2453 65.
1063 2390 1119 2454 -de
1146 2390 1207 2453 boc
1235 2390 1364 2455 nomine
1392 2392 1462 2457 bre·

331 2487 414 2552 viter
436 2486 758 2572 egitWeckleinius,
792 2485 864 2551 Gur.
889 2488 989 2570 epigr.
1013 2492 1062 2570 52,
1092 2490 1146 2568 qui
1168 2486 1390 2551 'lbierscbium
1413 2509 1462 2553 16-

331 2592 423 2649 cutus
446 2586 529 2650 hanc
551 2584 757 2667 scripturam,
788 2584 829 2648 de
852 2605 917 2666 qua
944 2584 1106 2669 lapicidae
1128 2583 1226 2648 Attici
1248 2604 1377 2668 prorsus
1398 2587 1459 2651 sibi

331 2687 495 2763 constant,
526 2682 622 2746 etiam
645 2681 733 2765 apud
754 2680 1001 2764 Aristophanem
1028 2682 1257 2748 restituendam
1282 2702 1353 2748 esse
1375 2682 1469 2749 recte

330 2779 461 2844 iudicat.
493 2800 568 2843 nam
585 2804 597 2842 ι
612 2781 733 2844 vocalis
756 2777 1000 2862 productionem
1023 2781 1056 2844 in
1073 2804 1103 2844 ει
1117 2781 1260 2862 volgaris
1281 2781 1459 2846 Atticorum

331 2877 489 2943 sermonis
511 2877 651 2942 maximo
673 2878 835 2960 propriam
858 2876 957 2942 fuisse
980 2897 1020 2943 ex
1042 2898 1101 2942 usu
1131 2878 1343 2961 lapicidarum
1366 2878 1460 2944 facile

329 2974 542 3056 intellegitur,
574 2974 628 3056 qui
655 2973 843 3056 praesertim
866 2974 900 3037 in
923 2975 1105 3039 nominibus
1134 2975 1271 3058 propriis
1293 2996 1313 3039 a
1335 2977 1459 3059 volgari

328 3090 450 3154 genere
472 3070 600 3138 dicendi
629 3073 734 3135 minus
765 3069 915 3136 recedere
942 3071 1091 3135 solebant
1113 3091 1207 3151 qnam
1235 3081 1266 3135 61
1289 3079 1405 3153 poetas
1427 3082 1460 3139 61

329 3188 447 3253 prosae
475 3169 628 3234 orationis
657 3169 837 3250 scriptores.
882 3185 942 3231 nec
970 3168 1084 3230 mirum
1112 3174 1161 3231 est
1189 3169 1273 3231 hano
1294 3174 1460 3232 consuetu-

329 3265 439 3331 dinem
473 3266 759 3341 Atbenionsium¹¹)
797 3263 973 3348 posteriore
1009 3270 1116 3328 aetate
1149 3264 1251 3344 magis
1284 3264 1379 3329 etiam
1413 3265 1460 3329 in·

328 3363 487 3443 valuisse,
521 3371 555 3427 ut
588 3369 815 3428 commemorat
844 3360 1054 3441 Franzius‚
1088 3362 1190 3426 Elem.
1214 3380 1264 3444 ep.
1291 3366 1361 3426 150.
1406 3362 1460 3444 qui

329 3480 524 3542 quamquam
553 3462 687 3524 nonita
714 3461 816 3524 multa
845 3459 996 3540 exempla
1023 3457 1133 3538 affert,
1167 3465 1275 3523 tamen
1304 3479 1361 3524 suo
1390 3460 1459 3527 iure

329 3578 403 3623 eum
427 3563 553 3624 secutus
580 3565 629 3623 611
650 3557 900 3639 Bragmanus
923 3554 1014 3621 Stud.
1038 3555 1093 3636 IV,
1117 3558 1157 3619 85
1181 3555 1214 3620 in
1238 3554 1343 3621 εἴκοσι
1365 3578 1459 3624 roca·

401 3810 432 3872 ¹¹)
455 3810 549 3862 eadem
572 3807 624 3861 hac
649 3823 733 3861 causa
755 3807 878 3861 effectam
897 3822 957 3861 6116
980 3808 1093 3861 formam
1118 3805 1274 3878 οἰκτείρω
1299 3809 1459 3865 confirmare

329 3889 435 3944 studuit
456 3885 693 3941 Kirnhhoifius
717 3888 746 3942 in
770 3893 834 3942 actt.
857 3892 968 3942 menstr.
987 3888 1064 3941 acad.
1088 3889 1176 3943 Berol.
1198 3893 1272 3954 1872,
1297 3906 1322 3955 p.
1343 3893 1389 3943 237
1401 3906 1457 3959 sqq.

329 3975 418 4023 exstat
443 3968 514 4021 enim
535 3967 707 4037 participium
732 3968 826 4023 aoristi
851 3965 972 4035 οἰκτίρας
990 3970 1020 4021 C.
1038 3969 1054 4021 i.
1073 3969 1106 4020 A.
1126 3974 1185 4032 463,
1206 3978 1219 4017 a
1244 3970 1272 4022 in
1294 3969 1373 4023 titulo
1396 3986 1457 4039 per·

329 4054 443 4103 vetusto.
472 4051 501 4102 at
519 4049 646 4116 quoniam
663 4048 739 4117 -είρω
758 4048 911 4103 terminatio
929 4048 1145 4116 aliterintellegi
1163 4066 1216 4104 non
1234 4054 1324 4117 potest
1342 4048 1394 4102 nisi
1412 4050 1458 4113 ita,

329 4135 359 4183 ut
378 4145 411 4183 ex
429 4129 496 4198 sajo
515 4129 589 4182 facta
608 4128 655 4193 sit,
680 4130 771 4196 potius
790 4144 806 4182 6
823 4128 941 4197 lapicida
963 4127 1056 4182 vitium
1078 4129 1188 4196 aliquod
1212 4128 1381 4182 commissum
1399 4143 1458 4182 6116

330 4226 410 4278 qnam
431 4210 543 4263 verbum
566 4224 678 4276 prorsus
696 4209 834 4264 inauditae
859 4209 978 4276 alioquin
1003 4208 1198 4261 terminationis
1221 4208 1458 4276 1-16616111111116

330 4291 481 4358 putandum
499 4294 549 4343 est.
