3575 5334
400 707 463 768 440
920 710 1008 765 Cauer

399 880 519 965 adepta
541 887 626 964 erat,
657 881 754 947 etiam
775 881 985 946 mutationem
1006 880 1190 947 literaturae
1211 880 1244 945 in
1267 882 1348 947 Asia
1364 889 1402 972 ‚et
1423 882 1458 947 in
1480 882 1524 946 in·
1590 873 1598 894 ⁴

381 980 479 1046 'aulis
501 979 598 1046 maris
619 979 742 1061 Aegaei
771 977 943 1059 effecisset,
973 978 1053 1043 haec
1079 978 1240 1062 reciproco
1266 999 1360 1046 eursu
1382 980 1525 1047 Athenas

399 1077 509 1159 rediit,
538 1097 600 1160 quo
622 1077 740 1143 factum
767 1082 831 1155 est,
861 1084 896 1140 nt
923 1096 988 1140 non
1018 1076 1121 1141 selum
1142 1076 1358 1143 Athenienses
1386 1078 1523 1162 priscam

399 1173 597 1241 literaturam
634 1172 814 1240 diutissime
850 1172 932 1239 inter
964 1192 1075 1239 omnes
1108 1174 1202 1239 Iones
1238 1176 1430 1258 retinerent,
1468 1175 1524 1241 sed

399 1272 496 1338 etiam
518 1273 552 1336 in
574 1272 708 1338 Euboea
730 1277 763 1337 et
784 1271 817 1335 in
840 1271 959 1353 Magna
981 1269 1117 1336 Graecia
1139 1290 1242 1353 pauca
1264 1273 1417 1355 exempla
1438 1279 1524 1338 vetu-

398 1369 504 1435 stioris
526 1389 602 1436 usus
626 1369 650 1431 Η
673 1370 786 1445 literae
809 1367 928 1435 diutius
951 1387 1046 1450 quam
1068 1368 1210 1450 alioquin
1231 1369 1319 1452 apud
1343 1371 1440 1436 Iones
1463 1390 1524 1437 ser-
1581 1385 1583 1389 ·

399 1473 561 1534 verentur.

484 1564 551 1629 noli
573 1571 680 1628 tamen
703 1561 833 1628 credere
846 1560 972 1627 Atthidi
988 1580 1115 1628 omnem
1136 1561 1265 1628 laudem
1281 1565 1452 1630 vetustatis
1475 1564 1525 1631 de·

353 1703 356 1709 -
398 1661 476 1726 beri.
521 1681 596 1724 nam
619 1667 653 1726 ut
680 1657 715 1723 fit
740 1659 774 1723 in
801 1658 860 1724 tali
888 1678 1016 1741 genere,
1045 1667 1080 1725 nt
1107 1678 1263 1742 nusquam
1285 1681 1384 1725 unum
1405 1669 1524 1728 certum

398 1776 437 1822 ac
464 1763 583 1822 rectum
613 1756 757 1822 ordinem
779 1756 990 1821 mutationum
1012 1756 1205 1838 habeamus,
1235 1757 1293 1823 sed
1322 1763 1357 1822 ut
1386 1758 1421 1823 in
1452 1780 1523 1824 una·

400 1874 527 1937 quaque
559 1855 670 1937 lingua
702 1853 916 1935 antiquiorum
950 1861 982 1919 et
1015 1854 1226 1920 recentiorum
1258 1860 1401 1920 aetatum
1435 1856 1525 1938 quasi

398 1951 528 2018 residua
555 1954 715 2035 permixta
744 1957 886 2033 exstent,
916 1951 961 2016 ita
984 1951 1037 2016 Ias
1060 1971 1201 2034 quoque,
1228 1971 1324 2034 quarn
1346 1972 1367 2017 a
1389 1952 1524 2036 pristina

397 2054 512 2115 natura
537 2048 769 2115 Attico-Ionica
797 2068 862 2113 non
891 2050 1024 2131 paulum
1052 2048 1222 2115 secessisse
1240 2048 1346 2113 -modo
1375 2049 1523 2132 vidimus,

397 2147 431 2211 in
452 2146 527 2212 aliis
554 2147 649 2213 rebus
671 2144 870 2229 antiquitatis
896 2146 997 2210 multo
1023 2146 1165 2211 tenacior
1186 2145 1246 2211 luit
1267 2165 1363 2227 quam
1386 2166 1427 2213 ea
1449 2167 1523 2230 pars

397 2242 492 2309 huius
515 2242 653 2326 dialecti,
677 2244 815 2326 quaein
837 2249 923 2308 terra
937 2243 1044 2308 Attica
1065 2250 1271 2308 remanserat
1310 2263 1392 2325 quas
1413 2265 1523 2311 omnes

397 2360 449 2407 me
471 2340 585 2407 afferre
607 2361 672 2405 non
695 2346 836 2423 oportet,
866 2340 941 2422 quia
963 2341 1024 2406 hac
1047 2339 1272 2406 dissertatione
1292 2360 1359 2405 non
1383 2341 1424 2408 de
1446 2341 1523 2409 Iade

396 2437 455 2503 sed
484 2437 525 2503 de
547 2437 679 2503 Atthide
707 2457 778 2519 ago.
823 2445 931 2502 tamar
959 2436 1167 2519 gravissimas
1196 2436 1412 2521 differentias,
1442 2458 1523 2522 quae

396 2535 458 2600 huo
481 2536 689 2617 pertinerent,
714 2534 853 2601 breviter
867 2533 1073 2616 attingendae
1092 2553 1164 2600 esse
1185 2535 1305 2617 putavi,
1330 2555 1373 2601 ne
1394 2537 1447 2602 cui
1470 2556 1523 2603 eas

396 2633 604 2715 neglegenter
626 2630 771 2696 omisisse
794 2638 826 2697 et
853 2652 967 2715 parum
989 2631 1078 2697 firmo
1099 2630 1307 2698 fundamento
1329 2634 1522 2701 sententiam

396 2744 501 2794 meam
524 2728 720 2793 exstruxisse
742 2728 877 2794 viderer.

482 2829 511 2889 3.
560 2845 624 2906 qna
644 2844 685 2889 re
713 2826 850 2907 primum
878 2835 1090 2893 commemoro
1119 2832 1259 2893 veterem
1290 2834 1521 2896 consonantem

395 2922 590 3003 gutturalem
618 2922 653 2986 in
674 2923 774 3005 stirpe
800 2923 1022 3006 pronominum
1044 2923 1360 3006 interrogativorum,
1385 2926 1521 3007 quaein

394 3172 500 3239 gesch.“
518 3174 552 3235 1⁴,
569 3189 594 3241 p.
611 3178 641 3229 31
652 3189 691 3242 sq.
713 3178 754 3228 39.
773 3180 805 3227 45
817 3177 867 3242 sq.)
890 3175 963 3228 dicat
977 3174 1116 3242 indigenas
1133 3174 1195 3228 illos
1211 3175 1291 3229 Iones
1306 3174 1445 3231 Asiaticos
1463 3191 1520 3231 eos·

394 3253 455 3308 dem
472 3254 568 3316 tuisse,
587 3270 654 3322 quos
669 3254 747 3322 volgo
764 3254 893 3323 Phryges,
910 3255 1030 3323 Leleges,
1055 3255 1136 3309 Cares
1154 3256 1305 3323 appellent,
1324 3256 1385 3324 ipse
1402 3256 1520 3311 ostendit

394 3348 424 3387 ss
436 3333 545 3389 credere
557 3349 732 3402 permagnum
745 3335 865 3403 spatium
878 3335 1007 3403 temporis
1018 3334 1208 3403 interpositum
1220 3335 1306 3389 fuisse
1316 3336 1391 3390 inter
1407 3327 1521 3405 primam

394 3413 600 3481 occupationem
617 3415 699 3469 maris
711 3415 819 3483 Aegaei,
837 3430 907 3483 quae
924 3430 974 3484 per
990 3416 1070 3470 lones
1088 3431 1123 3470 ex
1139 3414 1206 3470 Asia
1223 3415 1365 3484 degressos
1383 3416 1461 3471 facta
1478 3418 1519 3483 sit,

395 3495 425 3545 et
440 3491 628 3547 deductionem
645 3495 820 3562 coloniarum,
839 3509 909 3562 qnae
925 3500 1022 3564 postea
1038 3510 1087 3563 per
1100 3495 1199 3550 alteros
1211 3496 1301 3560 Iones,
1319 3495 1368 3562 qui
1380 3496 1520 3551 Graeciam

306 3590 308 3593 ⁴
393 3571 570 3638 insedissent,
594 3589 628 3628 ex
645 3574 758 3642 Europa
780 3575 809 3627 in
827 3574 920 3629 Asiam
944 3574 1089 3630 refluxerit.
1123 3590 1221 3643 nempe
1243 3576 1297 3629 hoc
1318 3576 1438 3644 spatium
1455 3580 1520 3631 tem·

394 3652 481 3721 poris,
506 3654 530 3706 si
547 3654 670 3708 Omtium
688 3654 831 3729 sequimur,
856 3658 962 3709 tantum
979 3654 1065 3709 fuisse
1082 3655 1161 3709 nobis
1184 3656 1338 3724 putandum
1355 3660 1411 3723 est,
1438 3662 1470 3710 nt
1490 3671 1519 3711 eo

393 3732 485 3800 lingua
502 3733 598 3787 Ionum
614 3735 798 3789 Asiaticorum
816 3750 832 3788 a
849 3735 968 3803 pristina
987 3736 1135 3803 graecitate
1156 3736 1288 3805 paulatim
1305 3737 1433 3792 secedere
1450 3740 1478 3792 et
1494 3737 1520 3790 in

394 3811 518 3866 Caricam
542 3814 583 3868 vel
600 3813 743 3883 Phrygiam
760 3815 914 3869 barbariem
936 3816 1013 3871 abire
1038 3815 1165 3886 potuerit.
1201 3831 1271 3885 qnae
1288 3817 1401 3882 deinde,
1426 3831 1520 3872 cuma

394 3907 517 3947 sermone
534 3892 673 3948 Hellenico
697 3893 764 3948 satis
786 3894 941 3950 abalienata
958 3902 1043 3960 esset,
1066 3897 1168 3964 effecit,
1192 3903 1223 3952 ut
1246 3897 1336 3952 coloni
1353 3898 1519 3953 Graecorum

393 3972 423 4025 in
448 3971 543 4026 Asiam
568 3978 704 4042 tamquam
730 3977 831 4029 terram
857 3982 1007 4031 maternam
1033 3977 1135 4032 reversi
1159 3977 1376 4046 consanguineos
1403 3994 1469 4034 suos
1494 3982 1519 4033 et

393 4066 480 4119 paene
497 4052 595 4107 fratres
613 4070 669 4109 non
681 4061 866 4121 agnoscerent.
890 4059 1011 4111 ceterum
1023 4072 1194 4127 nequaquam
1211 4063 1278 4127 puto
1295 4058 1370 4113 hanc
1387 4059 1517 4115 rationem

393 4130 544 4200 linguarum
561 4133 730 4188 diversitates
754 4134 909 4202 explicandi
925 4151 1024 4205 magna
1040 4138 1232 4208 probabilitate
1249 4140 1392 4195 excellere.
1426 4140 1517 4207 itaque

394 4224 441 4276 ea,
460 4227 521 4264 cum
540 4212 625 4267 Curtii
642 4214 776 4268 sententia
793 4214 875 4268 aliam
891 4232 947 4270 non
963 4218 1048 4281 ierat,
1067 4218 1155 4273 denuo
1174 4225 1333 4286 argumento
1352 4224 1517 4289 essepotest

393 4303 444 4343 suo
461 4289 520 4344 iure
537 4292 608 4347 siros
626 4293 720 4348 doctos
738 4293 989 4352 dubitasse‘Cnrtio
1007 4297 1041 4353 de
1057 4298 1100 4352 his
1118 4300 1200 4354 reb'ns
1217 4299 1303 4355 libere
1319 4301 1456 4357 assentiri
