3575 5334
330 719 393 783 410
847 726 937 780 (lauet

332 904 406 965 sunt
428 898 507 978 nisi,
536 905 571 963 ut
593 922 606 962 ι
628 898 734 964 finalis
763 899 932 982 paullatim
955 898 1143 965 abiceretur.
1186 898 1245 966 sed
1267 920 1340 965 cum
1362 903 1455 968 huius

256 985 261 994 ’
330 996 452 1062 vocalis
473 1002 621 1062 servatae
642 1016 747 1079 pauca
769 1003 877 1062 essent
898 996 1048 1079 exempla
1068 998 1101 1061 in
1124 1016 1301 1079 permagno
1324 1018 1455 1065 numero

330 1093 502 1159 formarum
524 1096 656 1160 alterius
684 1096 827 1177 generis,
856 1095 987 1176 longum
1016 1094 1161 1160 suithes
1190 1114 1303 1161 omnes
1330 1097 1453 1177 afferre,

331 1192 528 1274 praesertim
551 1212 622 1257 oum
655 1213 731 1259 usus
764 1192 946 1258 vetustioris
980 1193 1214 1258 terminationis
1245 1194 1325 1259 satis
1361 1195 1455 1260 certis

229 1345 233 1351 .
330 1288 445 1355 finibus
474 1290 520 1355 ita
547 1289 801 1373 cirsumscriptus
829 1296 930 1372 esset,
958 1297 994 1354 ut
1021 1308 1062 1354 ea
1090 1298 1224 1373 excepto
1253 1311 1319 1356 uno
1347 1311 1455 1356 monu-

330 1393 438 1453 mento
466 1387 501 1451 in
530 1388 607 1453 solis
636 1387 773 1453 decretis
801 1387 938 1471 publicis
960 1388 1161 1471 reperiretur.
1205 1407 1280 1452 nam
1303 1388 1338 1454 in
1360 1390 1455 1454 tradi-

329 1484 470 1550 tionibus
499 1491 701 1567 quaestorum
730 1486 896 1551 Minervae
924 1487 1030 1551 statim
1059 1486 1101 1550 ab
1129 1485 1220 1550 initio
1254 1485 1320 1563 (Ol,
1343 1484 1402 1561 86,
1426 1486 1454 1555 41

331 1583 478 1648 scribitur
506 1593 577 1658 τοῖς
599 1588 756 1662 capiccio
784 1602 889 1665 neque
917 1582 952 1647 iu
980 1583 1093 1648 ceteris
1118 1582 1219 1647 titulis
1241 1590 1297 1648 aut
1319 1584 1454 1667 publicis

332 1687 388 1745 aut
416 1680 552 1762 privatis
580 1699 631 1745 res
653 1679 748 1745 aliter
769 1699 804 1746 se
834 1681 941 1747 habet.
986 1681 1095 1762 itaque
1116 1679 1197 1744 nihil
1219 1680 1309 1745 aliud
1332 1682 1394 1747 uisi
1418 1700 1453 1745 cx

332 1778 469 1843 decretis
497 1777 563 1841 illis
585 1780 751 1860 exempla,
781 1799 864 1861 quae
887 1780 948 1843 huc
972 1779 1151 1862 pertinent,
1181 1778 1290 1843 omnia
1313 1778 1453 1862 excerpsi

332 1881 364 1940 ct
385 1894 425 1941 ex
449 1875 561 1940 ordine
582 1875 735 1958 temporis
756 1876 840 1941 inter
861 1896 896 1942 sc
918 1877 1063 1960 opposui.

448 2049 570 2092 -οισι,
1231 2051 1328 2105 -οις,

330 2156 421 2211 τοῖσι
447 2147 508 2230 1Β,
531 2162 555 2214 e.
578 2159 617 2212 aa.

332 2243 592 2327 ἄκολ[ούθ]οισιν
614 2257 637 2308 9.

332 2342 505 2425 [ἄλλ]οισιν
529 2357 566 2407 to.
716 2333 771 2399 diu
793 2342 869 2399 aute
895 2333 942 2398 01.
966 2331 1017 2396 81.
1098 2341 1170 2408 τοῖς
1195 2334 1255 2415 1Β,
1278 2346 1303 2400 8.

328 2442 562 2529 Ἀθηναίοισιν
588 2454 626 2504 11.
649 2452 688 2503 29.

331 2546 583 2624 meleswicam
606 2550 645 2602 34.

332 2644 430 2717 -ο]ισι
456 2636 518 2718 20,
542 2648 581 2701 20.
716 2633 770 2699 diu
792 2641 868 2700 ante
893 2634 941 2699 Ol.
964 2633 1015 2698 81.
1099 2639 1213 2711 -ιείοις
1226 2631 1282 2700 καὶ
1294 2639 1452 2721 Παναθη-

1116 2773 1118 2777 -
1141 2737 1248 2807 ναίοις
1272 2733 1338 2817 2A,
1359 2747 1395 2799 18.
1420 2747 1453 2799 19.

337 2832 595 2916 Πλνν[τηρ]1οισι
619 2834 648 2911 3,
664 2842 688 2896 9.
715 2836 790 2895 aute
816 2829 938 2894 0184.
1252 2865 1295 2877 -

331 2933 474 3051 44118»
498 2927 540 2996 5·’
694 2943 792 3085 lanto
817 2973 864 3038 or.
888 2971 970 3051 aar).
1252 2974 1323 3052 —⁰)

333 3050 464 3093 αυτνισι
487 3042 510 3091 7.
537 3041 572 3091 11.
597 3038 635 3090 13.

484 3162 527 3172 -
715 3134 791 3192 ante
816 3125 938 3191 0184.
1099 3129 1214 3204 [ἠοίης
1236 3129 1266 3206 9,
1290 3138 1315 3191 3.

547 3289 550 3293 ,
1098 3222 1455 3305 το[ῖ]ςτυράννοις32’“).

484 3357 526 3367 -
715 3329 790 3387 ante
817 3320 864 3387 Ol.
886 3321 938 3385 84.
1100 3325 1192 3399 [colio
1206 3326 1392 3404 φρονρ[ο]ῖς
1410 3329 1455 3403 10,

485 3455 526 3465 -
715 3426 791 3485 ante
816 3418 863 3482 Ol.
887 3419 939 3482 84.
1099 3422 1191 3498 [νῙοῑς
1217 3422 1266 3501 13,
1289 3430 1313 3483 6.
1423 3426 1454 3499 [9.

486 3552 525 3560 -
715 3524 791 3582 ante
817 3516 864 3580 Ol.
887 3514 938 3579 84.
1099 3521 1170 3592 τοῖς
1194 3516 1272 3598 231),
1296 3530 1321 3581 2.

403 3766 422 3830 ⁸)
454 3764 502 3818 sed
531 3765 615 3818 multo
648 3770 711 3832 post
741 3764 811 3818 hauc
842 3767 959 3819 aetatem
990 3764 1073 3833 lapidi
1099 3763 1222 3818 incisum.
1262 3781 1287 3817 ν.
1315 3764 1458 3821 Kirchholi

334 3846 363 3899 O.
379 3844 397 3898 i.
416 3844 450 3897 A.
1005 3857 1008 3863 ·

377 3924 422 3988 '⁹)
452 3924 638 3979 Weckleinius
672 3916 698 3992 p.
724 3930 738 3978 5
774 3930 964 3979 commemorat
994 3926 1024 3978 in
1055 3925 1109 3979 hoo
1135 3923 1226 3992 lapide
1255 3926 1338 3979 etiarn
1366 3923 1456 3982 αὐτοῖς

331 4008 446 4061 formam
464 4009 578 4059 exstare.
614 4004 662 4059 sed
680 4019 712 4057 ea
729 4004 793 4057 vitio
813 4000 938 4059 editionis
957 4006 1164 4074 Raugabeiauae
1188 4008 1257 4071 (291,
1280 4012 1320 4071 rr)
1340 4008 1453 4076 irrepsit.

403 4088 434 4152 ¹⁰)
458 4082 563 4145 αὐτοῖς,
587 4085 658 4153 quod
675 4084 863 4140 Weckleinius
881 4101 915 4139 ex
931 4086 985 4141 hoc
1002 4086 1082 4140 titulo
1101 4086 1303 4154 corruptissimo
1321 4087 1408 4154 affert,
1427 4087 1454 4140 in

331 4184 355 4219 v.
375 4172 391 4219 1
409 4165 540 4235 scriptum
563 4165 648 4220 fuisse
665 4164 819 4219 Boeckhius
841 4168 966 4234 putabat.
1002 4173 1110 4222 exstant
1131 4166 1228 4220 literae
1245 4170 1308 4234 015,
1327 4184 1397 4236 quae
1414 4182 1453 4220 se·

333 4244 449 4300 cundum
466 4262 563 4300 novam
581 4244 743 4300 Kirchhoffii
767 4247 1018 4315 interpretationem
1040 4246 1074 4301 de
1098 4246 1160 4303 τούς
1184 4262 1242 4301 acc.
1260 4248 1330 4315 plur.
1348 4246 1454 4302 articuli

330 4325 451 4394 reliquae
468 4331 539 4380 sunt.
