3575 5334
659 685 692 740 (le
709 685 792 755 alpha
809 685 949 739 intensivo.
1326 683 1366 745 29

235 852 377 942 rumque
405 876 510 941 pauca
532 856 679 938 exposuit
700 856 839 938 Pottius,
870 864 992 939 quaest.
1018 865 1060 924 θῖ.
1091 860 1124 923 1²
1146 861 1218 923 388.
1263 859 1368 942 Atque

235 958 275 1022 in
306 955 491 1020 nominibus
520 953 709 1035 quibusdam
738 954 908 1019 abstractis
937 961 969 1019 ct
1000 954 1156 1021 concretis
1188 955 1269 1020 nibil
1298 975 1367 1040 per-

237 1054 359 1137 cipitur
387 1052 450 1117 uisi
481 1052 609 1134 negatio
632 1053 721 1117 velut
746 1052 779 1115 in
803 1050 923 1118 Vodico
953 1053 1035 1116 aditi
1065 1053 1213 1118 absentia
1241 1073 1368 1137 posses·

238 1151 360 1231 sionis,
398 1150 549 1233 penuria,
586 1147 715 1210 uooboti
746 1149 837 1214 nulla
867 1150 980 1215 libatio
1017 1150 1037 1215 i.
1068 1170 1093 1215 e.
1131 1152 1368 1233 praetermissio

239 1249 450 1329 libationum,
474 1265 692 1329 ooopusoruoo
713 1246 860 1311 absentia
882 1246 1000 1329 exitus,
1028 1246 1198 1329 oncjctooa
1219 1249 1368 1313 absentia

242 1344 333 1411 sedis
354 1345 373 1409 i.
391 1364 419 1410 θ.
442 1351 539 1426 aptae
561 1342 656 1424 sedis,
680 1341 773 1408 sedes
788 1364 853 1408 non
868 1341 996 1423 idonea,
1021 1358 1110 1427 untpo
1131 1366 1196 1409 non
1219 1344 1367 1410 dominus

243 1443 266 1506 i.
290 1461 319 1508 θ.
343 1442 397 1525 qui
426 1440 563 1523 alicujus
585 1440 631 1504 rei
660 1458 789 1522 compos
817 1460 883 1505 non
911 1447 960 1505 θεῖ
968 1488 976 1521 ‚
1010 1440 1150 1504 otctodl
1173 1464 1237 1508 non
1265 1444 1369 1509 fames

241 1541 265 1606 i.
288 1559 317 1604 θ.
350 1540 510 1617 saturitas,
539 1536 613 1601 alia.
665 1537 738 1601 Non
771 1557 899 1620 semper
930 1539 1154 1604 necessarium,
1179 1545 1229 1604 θεῖ
1260 1546 1368 1607 certae

242 1634 434 1719 cujusquam
456 1634 502 1700 rei
528 1634 702 1717 imaginem
726 1636 920 1717 cogitatione
948 1635 1083 1719 fingere,
1113 1638 1201 1703 velut
1223 1648 1368 1702 unotmuo

242 1751 340 1797 omne
363 1739 425 1815 est,
456 1731 542 1816 quod
564 1752 629 1796 non
652 1732 693 1797 sit
714 1732 855 1813 animus,
885 1732 1019 1817 deinde,
1049 1735 1125 1817 quia
1147 1743 1250 1797 otmoo
1272 1735 1369 1801 etiam

243 1830 443 1915 pronominis
472 1830 538 1913 epse
560 1829 630 1895 vice
658 1829 815 1911 fungitur:
851 1851 917 1895 nou
939 1831 1011 1913 ipse
1032 1832 1053 1896 i.
1077 1850 1105 1897 θ.
1127 1830 1226 1913 alius,
1255 1832 1369 1898 sedin

243 1928 410 1993 nonnullis
443 1927 600 2009 exemplis
633 1926 730 1991 etiarn
763 1926 857 1991 latior
884 1928 1085 2010 imaginandi
1113 1948 1245 2012 campus
1278 1930 1371 1995 nobis

245 2026 388 2109 aperitur
420 2045 482 2107 quo
511 2024 735 2108 exspatiemur.
786 2025 898 2089 Miram
934 2026 1097 2106 quandam
1129 2026 1370 2110 significationis

245 2123 436 2188 varietatem
459 2120 678 2206 complectitur
708 2120 860 2186 Vedioum
884 2121 998 2184 abhoc:
1034 2124 1162 2206 proprie
1191 2123 1275 2205 quod
1305 2146 1369 2190 non

248 2227 311 2302 est,
343 2218 463 2285 deinde
491 2219 576 2301 quod
603 2225 752 2282 naturam
775 2218 902 2283 excedit
924 2220 975 2284 vel
1006 2220 1035 2284 ei
1058 2226 1215 2303 repugnat
1255 2226 1284 2297 1)
1313 2221 1372 2285 im-

246 2337 385 2396 mensus,
408 2315 550 2381 infinitus
573 2319 604 2393 2)
627 2312 752 2379 infinita
774 2315 971 2397 magnitudo,
993 2316 1186 2398 immanitas,
1210 2320 1241 2392 3)
1264 2336 1368 2381 concr.

248 2422 440 2493 monstrum,
470 2412 650 2495 prodigium
680 2417 711 2489 4)
740 2432 835 2478 omne
857 2420 1055 2495 suspectum,
1084 2420 1200 2494 terror,
1223 2414 1370 2497 inprimis

248 2517 276 2587 5)
309 2518 383 2577 atra
404 2530 470 2575 nox
491 2510 621 2575 nubium
652 2515 876 2593 tempestatem
902 2510 1142 2593 parturientium
1172 2511 1222 2586 (cl.
1246 2512 1370 2576 Pottius

248 2609 309 2674 lert.
332 2608 402 2673 rad.
426 2609 442 2672 I
468 2611 569 2686 1149).
603 2608 715 2673 Miram
739 2607 876 2674 diximus
899 2609 983 2672 hanc
1005 2606 1246 2689 significationis
1268 2608 1369 2674 varie·

249 2710 344 2770 tatem
375 2724 440 2770 non
469 2725 530 2787 quo
558 2706 620 2789 ipsi
648 2705 708 2770 hoo
736 2704 936 2788 potissimum
964 2706 1147 2788 exemplum
1175 2726 1370 2790 magnopere

249 2802 406 2881 miremur,
429 2802 487 2867 sed
510 2802 585 2884 quia
606 2802 683 2868 inde
705 2803 756 2868 vel
778 2803 919 2867 maxime
941 2804 1053 2882 clucet,
1080 2810 1200 2883 quanta
1222 2804 1317 2869 fuerit
1338 2812 1370 2869 θῖ

249 2919 343 2981 quarn
375 2898 514 2964 fecunda
545 2898 745 2981 imaginandi
771 2900 908 2965 facultas
936 2898 1023 2982 apud
1055 2901 1191 2983 populos
1223 2902 1370 2966 Asianos.

250 2996 372 3062 lladem
400 3015 441 3061 ex
468 2996 542 3061 allis
563 2996 727 3062 vocabulis
749 2996 920 3063 Sanscritis
948 3017 1132 3079 cognoscas.
1176 2997 1230 3061 Sic
1256 3018 1316 3078 upa
1338 3006 1379 3062 et·

250 3114 337 3175 upum
352 3092 434 3158 nihil
449 3092 538 3157 aliud
553 3100 602 3159 θεῖ
621 3092 683 3157 nisi
705 3112 769 3157 non
784 3092 864 3173 iens,
887 3093 973 3175 quod
988 3114 1052 3157 non
1068 3093 1103 3171 it,
1127 3093 1244 3158 deinde
1264 3094 1368 3174 arbor,

250 3191 371 3274 anguis,
394 3210 496 3270 mons,
520 3190 619 3271 cpcdo
643 3196 771 3255 estnon
785 3190 924 3269 morbus,
949 3188 1075 3270 deinde,
1099 3189 1142 3269 id,
1165 3208 1226 3269 quo
1242 3190 1370 3254 morbus

250 3294 382 3367 arcetur,
405 3286 590 3365 remedium,
614 3286 783 3367 medicina,
806 3286 933 3351 similia.
963 3286 1134 3368 Adjectiva
1148 3285 1310 3368 privativa
1324 3287 1371 3351 ita

250 3406 304 3450 sua
326 3391 442 3467 sponte
465 3404 525 3449 nos
546 3384 588 3448 ad
610 3404 738 3449 sensum
762 3383 933 3467 positivum
951 3382 1130 3447 adducunt:
1154 3381 1212 3463 op'u
1235 3390 1283 3448 est
1305 3403 1371 3448 non

252 3491 343 3548 natus
364 3483 385 3546 i.
402 3499 430 3546 θ.
458 3482 679 3564 sempiternus,
695 3480 803 3543 utooc
825 3500 889 3545 non
912 3481 1016 3546 malus
1030 3480 1050 3544 i.
1068 3499 1095 3545 θ.
1118 3480 1236 3561 bonus,
1260 3489 1369 3562 acopo,

252 3580 300 3661 qui
323 3579 421 3662 culpa
443 3585 552 3659 vacat,
575 3578 733 3661 sincerus,
756 3596 856 3659 sacer,
880 3578 1004 3658 canopo
1025 3577 1094 3642 sine
1116 3596 1261 3660 corpore,
1286 3577 1371 3659 quod

252 3678 291 3743 ad
312 3678 456 3742 animum
479 3676 618 3758 pertinet
648 3676 698 3752 (oi.
723 3677 817 3742 etiam
840 3696 880 3737 rra
904 3674 1056 3757 otjodrito
1086 3695 1150 3740 nou
1174 3675 1276 3740 cultus
1298 3676 1319 3740 i.
1342 3694 1370 3741 θ.

252 3776 427 3857 neglectus)
457 3792 516 3838 nec
531 3772 690 3838 difficilior
710 3772 744 3837 fit
765 3772 918 3838 transitus
932 3771 975 3836 ad
996 3771 1236 3855 depravativam
1251 3773 1372 3855 signifi·

253 3873 423 3937 rationem:
458 3890 559 3951 opaco
583 3891 648 3935 uon
677 3871 777 3934 virtus
805 3871 825 3933 i.
853 3888 880 3934 e.
903 3871 990 3933 mala
1018 3869 1212 3952 proprietas,
1248 3870 1370 3934 vitium.

253 3968 333 4047 Quin
354 3968 452 4034 etiam
467 3966 575 4033 infesti
589 3986 719 4033 sensum
741 3965 883 4049 praefixo
906 3966 1064 4049 privativo
1080 3966 1195 4031 Graeci
1215 3985 1372 4046 gramma·

254 4066 301 4132 tici
323 4065 527 4145 tribuissent,
553 4064 581 4129 si
605 4063 758 4129 Vedioum
781 4063 1007 4145 cognovissent
1030 4064 1164 4125 ooiodru
1184 4081 1249 4126 non
1273 4060 1372 4125 lndra

256 4162 272 4225 i.
292 4182 320 4229 e.
349 4162 391 4228 ab
415 4160 515 4226 Indra
535 4161 674 4243 alienus,
706 4161 823 4226 lndrae
850 4159 1002 4238 infestus,
1031 4159 1188 4224 inimicus.
1232 4157 1278 4240 Iu,
1300 4158 1372 4223 aliis

256 4278 356 4327 rursus
378 4258 537 4325 similibus
560 4259 718 4341 exemplis
732 4259 822 4323 nulla
835 4258 920 4323 inest
941 4257 1029 4322 notio
1051 4255 1158 4321 infesti
1180 4252 1371 4327 obrobmooo
