3575 5334
497 681 530 736 de
547 682 699 737 nominibus
717 682 877 736 suffixorum
896 691 952 737 eut-
970 688 997 739 et
1014 688 1098 740 ariao·
1116 702 1167 755 ope
1184 687 1315 743 formatis.
1403 689 1463 751 385

339 856 570 921 deminutivum
592 854 774 917 scat-ellum
801 856 1048 935 demonstrat⁴¹).
1092 857 1182 937 Quae
1204 880 1299 941 quum
1316 843 1367 925 'ita
1389 863 1463 947 sint,

338 953 482 1017 duranum
511 973 636 1034 quoque
664 953 820 1018 substant.
845 972 886 1018 ex
916 955 1014 1037 stirpe
1042 955 1180 1037 quadam
1210 956 1286 1039 dup—
1313 978 1464 1027 manasse

337 1052 404 1116 veri
435 1071 499 1115 non
528 1056 576 1115 θεῖ
605 1049 861 1116 dissimillimum.
914 1050 1016 1130 Quam
1040 1051 1180 1117 radicem
1216 1052 1292 1136 clup-
1321 1056 1463 1139 reperias

337 1169 401 1215 non
435 1147 530 1212 modo
561 1146 595 1211 in
625 1147 736 1218 vocab.
766 1168 812 1229 gr.
845 1147 993 1231 dan-dur)
1025 1149 1262 1233 (impendium),
1298 1149 1463 1230 δάνι-ανος

336 1246 529 1331 (prodigus),
560 1242 710 1308 δάνν-τ-αν
740 1244 914 1327 (dividere,
946 1247 1114 1327 lacerare),
1143 1247 1201 1312 sed
1231 1247 1326 1312 etiam
1348 1250 1383 1314 in
1405 1251 1461 1317 lat.

336 1344 431 1427 dap-s
452 1343 600 1425 (epulae).
646 1343 774 1426 Duplex
796 1343 892 1426 igitur
913 1345 962 1408 vis
984 1344 1073 1409 valet
1094 1344 1127 1408 in
1150 1343 1218 1409 rad.
1242 1344 1335 1428 dap:
1357 1347 1462 1430 prima

334 1441 376 1507 ad
400 1461 489 1519 eam,
511 1439 597 1505 unde
619 1440 761 1523 profecta
783 1448 847 1521 est,
871 1439 1011 1506 radicem
1034 1441 1090 1503 da·
1118 1445 1174 1525 (gr.
1199 1442 1315 1519 δα-ίω,
1342 1443 1483 1523 ὁα-ί-ς).

333 1538 480 1623 proxime
501 1536 659 1603 accedens
689 1537 855 1603 dividendi
879 1537 997 1622 (dupe),
1027 1540 1130 1605 altera
1151 1540 1360 1623 impendendi
1389 1541 1461 1620 (δα-

335 1635 441 1721 πάνη,
476 1633 653 1714 δάπανος),
693 1655 774 1716 quae
806 1638 965 1718 quomodo
994 1641 1077 1726 inter
1110 1658 1145 1703 εθ
1173 1638 1366 1703 cohaereant
1399 1638 1462 1705 buc

334 1755 400 1799 non
428 1733 552 1798 attinet.
597 1731 736 1811 Quarum
764 1735 868 1800 altera
897 1738 992 1803 etiam
1025 1739 1058 1801 in
1087 1735 1286 1802 substantivo
1315 1735 1460 1799 domnum

333 1830 527 1912 continetur,
557 1837 592 1895 ut
614 1830 758 1892 domnum
779 1833 910 1914 proprie
932 1834 1105 1916 significet:
1142 1834 1350 1916 impendium,
1377 1854 1461 1899 sum·

333 1938 416 2013 ptus,
440 1928 525 1993 unde
547 1928 635 1992 notio
658 1928 851 2010 detrimenti,
870 1932 1019 2013 jacturae
1034 1931 1147 1997 eodem
1164 1930 1259 1994 modo
1282 1930 1378 1995 ducta
1400 1936 1458 2011 est,

333 2047 394 2109 quo
427 2026 461 2091 in
493 2026 563 2107 ipso
596 2025 753 2090 vocabulo
787 2025 1036 2109 ,impendium“.
1087 2027 1156 2091 Hoc
1187 2027 1273 2093 enim
1305 2028 1404 2093 subst.
1438 2048 1459 2094 a

333 2125 432 2190 verbo
461 2121 690 2205 „impendere“
720 2122 848 2187 ductum
877 2123 1036 2206 significat
1064 2130 1240 2206 sumptum,
1271 2124 1377 2206 quiin
1401 2125 1460 2189 ali·

333 2241 427 2303 quam
450 2240 516 2285 rem
539 2219 750 2303 impenditur:
788 2221 972 2303 ,impendio
997 2220 1157 2304 publico“,
1187 2220 1372 2303 ,impendio
1395 2222 1457 2303 pri-

332 2322 438 2401 vato“‚
463 2317 605 2395 ,reditus
628 2324 659 2382 et
674 2315 839 2397 impendia.
855 2319 1015 2383 civitatis“
1037 2324 1107 2399 ott,
1131 2316 1249 2382 deinde
1271 2337 1348 2382 vero
1370 2316 1456 2383 idem

332 2425 379 2481 est
401 2423 498 2497 atque
520 2414 783 2496 ,detrimentum
807 2415 1041 2484 incommodum
1050 2419 1073 2497 “,
1102 2414 1193 2498 cujus
1215 2414 1261 2481 rei
1284 2434 1324 2481 ex
1347 2415 1456 2481 multis

331 2512 487 2595 exemplis
502 2513 582 2577 haee
603 2512 717 2576 affero:
742 2512 869 2588 ,ovium
888 2513 1051 2596 boumque
1066 2511 1267 2596 impendio“:
1291 2512 1372 2578 Plin.
1388 2513 1409 2576 i.
1427 2532 1455 2578 e.

330 2610 443 2675 ovibus
465 2617 496 2675 θῖ
518 2609 620 2674 bobus
645 2609 795 2691 perditis3
828 2610 982 2687 ,nimium
1006 2618 1054 2677 θεῖ
1076 2611 1212 2694 alicujus
1233 2611 1279 2675 rei
1304 2611 1453 2693 pretium,

330 2708 355 2772 si
385 2707 553 2790 probitatis
581 2706 745 2789 impendio
773 2714 930 2771 constat.“
974 2708 1081 2786 Quint.
1106 2709 1160 2790 VI,
1190 2712 1219 2790 3,
1247 2711 1286 2773 35
1303 2714 1356 2773 θῖῖ.
1408 2707 1455 2772 Si-

328 2805 428 2869 lentio
449 2825 515 2868 non
545 2811 593 2869 est
622 2804 888 2887 praetereundum
912 2805 978 2887 adj.
1007 2805 1174 2868 domator-us
1201 2805 1287 2887 apud
1317 2806 1455 2870 comicos

330 2902 416 2967 haud
439 2922 510 2965 raro
532 2901 618 2965 idem
642 2920 722 2984 esse,
747 2902 830 2984 quod
856 2899 1045 2985 δαπανηρὸς
1069 2902 1256 2985 (prodigus),
1282 2902 1454 2984 rarissime,

330 2999 415 3080 quod
455 3000 660 3082 perniciosus.
698 3034 740 3045 —
785 2998 906 3078 Quodsi
945 3000 1146 3065 substantivo
1183 2998 1328 3061 domuum
1360 2999 1455 3065 inter·

330 3096 404 3161 dum
428 3097 477 3161 vis
499 3097 582 3162 inest
609 3097 745 3179 multae,
769 3116 833 3160 non
857 3103 922 3177 θεῖ,
952 3094 1037 3176 quod
1060 3095 1139 3160 haec
1161 3096 1249 3159 notio
1271 3094 1366 3177 prior,
1396 3096 1455 3161 illa

398 3316 431 3380 ⁴¹)
459 3313 529 3368 Nam
547 3314 633 3368 subst.
651 3316 740 3369 amatis
757 3331 821 3368 num
839 3329 872 3367 ex
892 3314 1005 3384 *ap-uis
1029 3315 1091 3376 (scr.
1109 3328 1157 3382 ap·
1175 3315 1281 3379 (aqua),
1304 3326 1344 3378 gr.
1362 3317 1454 3365 Μεσσ-

329 3391 420 3446 άπ-ινι
443 3394 461 3448 i.
480 3408 502 3448 e.
526 3395 573 3463 qui
600 3394 671 3449 inter
694 3395 780 3448 maria
802 3394 951 3458 habitant),
977 3396 1072 3446 natum
1094 3391 1141 3458 sit,
1167 3397 1280 3461 propter
1300 3390 1346 3445 lat.
1370 3409 1454 3462 apua,

327 3481 382 3543 got.
406 3473 476 3528 advo
502 3473 637 3539 (flumen),
667 3475 756 3529 theod.
781 3474 835 3529 aba
864 3474 941 3529 valde
963 3472 1074 3527 dubium
1098 3477 1138 3526 est
1166 3476 1199 3536 (r.
1228 3471 1301 3527 Curt.
1328 3472 1453 3540 grundz.⁴

328 3571 354 3623 p.
378 3560 427 3609 462
448 3561 505 3623 sqt.
552 3555 641 3609 Aliam
667 3555 765 3623 probat
791 3554 978 3624 etymologiam
1004 3551 1186 3606 Mommsenus
1217 3552 1361 3616 (unterital.
1390 3552 1450 3606 dial.

328 3652 353 3702 p.
373 3639 444 3701 248),
470 3634 516 3702 qui
533 3651 590 3689 voc.
608 3638 719 3690 θεῖαί-ε
736 3649 786 3702 pro
805 3636 958 3688 *ct-mirrea
979 3632 1023 3698 (cf.
1046 3648 1101 3687 osc.
1120 3632 1223 3686 orrprdd
1245 3632 1315 3700 cipp.
1331 3632 1384 3684 Ab.
1406 3636 1447 3697 ¹73

328 3715 430 3770 arnaud
451 3716 507 3769 tab.
530 3716 611 3769 Bant.
632 3722 660 3784 ὃς
690 3715 767 3769 aliter
789 3715 953 3781 Corssenus‚
981 3714 1059 3767 beitr.
1079 3718 1152 3776 316),
1180 3726 1238 3766 csse
1259 3712 1357 3780 partic.
1382 3711 1451 3765 med.

328 3796 420 3865 stirpis
440 3796 457 3854 d
482 3803 529 3861 tgr.
548 3788 628 3854 ἆσαι,
656 3791 755 3865 ἄμεναι
776 3796 806 3848 ll.
828 3800 851 3846 ψ
870 3799 914 3848 to:
942 3795 1052 3860 satiare)
1079 3793 1226 3861 conjectat,
1250 3796 1282 3845 ut
1305 3792 1393 3845 amatis
1416 3791 1452 3845 sit

327 3876 428 3931 flumen
446 3878 523 3944 quasi
540 3876 667 3930 satiatum
688 3876 729 3929 vel
753 3890 839 3942 aquae
861 3875 982 3942 plenum,
1008 3874 1053 3928 cui
1074 3872 1233 3942 opponitur:
1261 3877 1381 3937 torrens,
1404 3871 1451 3939 qui

327 3957 461 4011 interdum
479 3956 620 4022 torrescit,
645 3956 771 4009 siccatur.
806 3955 881 4022 Quae
899 3969 943 4007 res
961 3962 1128 4023 quantopere
1144 3952 1266 4017 vacillet,
1289 3951 1352 4005 inde
1372 3951 1450 4004 intel-

326 4037 430 4106 legitur,
450 4035 521 4105 quod
535 4052 567 4090 ex
581 4037 627 4089 illo
641 4037 735 4104 partic.
747 4036 870 4088 *ominus
883 4049 938 4088 non
951 4034 1037 4088 solum
1048 4034 1181 4088 substant.
1194 4032 1290 4095 amois,
1307 4030 1354 4083 sed
1369 4030 1450 4083 etiam

328 4133 425 4181 arruns,
444 4116 588 4177 sollemnis,
608 4117 713 4176 ira-auis,
731 4117 811 4169 Aona
824 4113 959 4178 Perenna
978 4130 1031 4167 osc.
1050 4114 1122 4167 verb.
1141 4110 1316 4180 aumanoffed
1332 4110 1451 4162 derivata

322 4196 513 4251 ·Mommsenus
535 4203 640 4263 censet3
671 4211 724 4264 qua
745 4211 776 4249 re
798 4197 885 4249 amuis
906 4194 934 4247 in
957 4194 1063 4247 illorum
1086 4193 1313 4247 substantivorum
1337 4188 1449 4257 partici-

328 4278 435 4345 piorum
453 4277 541 4329 instar
557 4276 733 4330 formatorum
752 4290 862 4331 numero
881 4290 981 4345 ponere
997 4272 1073 4327 valde
1091 4273 1254 4327 dubitamus.

1194 4356 1248 4408 25*
