3575 5334
416 679 476 744 128
909 681 1050 736 llorzdorf

391 860 591 942 eademque
615 859 751 923 dialecto
767 876 858 924 usum
874 875 946 923 esse
961 860 1031 938 rati,
1056 877 1151 939 quam
1173 871 1297 943 quoquc
1320 854 1390 917 loco
1414 847 1538 914 codices

313 973 322 988 ·
414 961 467 1025 vel
490 978 600 1023 omnes
622 958 673 1022 vel
697 956 841 1039 plerique
863 959 916 1022 vel
939 957 1048 1039 optimi
1079 959 1250 1039 praebent,
1282 975 1353 1021 eam
1377 947 1536 1013 exhibent.

413 1061 502 1126 Haec
523 1058 620 1136 ratio,
650 1056 675 1120 si
699 1054 779 1119 ratio
804 1053 864 1119 dici
887 1062 1010 1138 potest,
1035 1057 1174 1119 omnium
1197 1051 1441 1139 perversissima
1463 1044 1537 1108 mibi

414 1158 540 1222 videtur
562 1175 648 1235 esse3
679 1153 766 1218 nullo
789 1151 884 1216 modo
914 1172 1028 1235 prosae
1051 1155 1202 1220 orationis
1224 1150 1433 1235 scriptoribus
1455 1143 1537 1207 idem

413 1255 512 1335 licuit,
535 1252 619 1334 quod
644 1252 756 1333 poetis,
781 1257 813 1315 et
833 1251 902 1315 sine
919 1249 1015 1315 dubio
1031 1251 1105 1316 talis
1119 1252 1335 1317 inconstantia
1357 1245 1539 1309 formarum·

414 1372 475 1435 que
504 1350 701 1416 diversarum
731 1348 900 1432 permixtio
930 1348 1026 1413 risum
1056 1350 1208 1415 movisset
1231 1368 1325 1430 quam
1356 1342 1537 1409 maximum.

305 1430 315 1450 ⁸
414 1452 584 1531 Repugnat
618 1466 656 1512 ea
685 1446 767 1510 ratio
795 1447 881 1510 omni
909 1445 1095 1527 analogiae,
1131 1448 1217 1511 omni
1245 1446 1310 1511 veri
1341 1438 1538 1509 similitudini

414 1566 518 1627 neque
545 1544 639 1608 multi
672 1543 733 1608 hoc
769 1542 955 1625 praesertim
991 1552 1135 1625 tempore
1162 1551 1271 1626 erunt,
1306 1543 1359 1624 qui
1389 1561 1460 1607 eam
1490 1539 1538 1603 de·

413 1644 557 1709 tendant.

501 1740 644 1803 Aliorum
667 1738 748 1804 ratio
772 1760 900 1821 prorsus
916 1740 1075 1805 contraria
1092 1747 1156 1824 est,
1179 1747 1328 1824 reputant
1344 1738 1537 1805 Herodotum

415 1838 600 1919 scriptorem
628 1836 809 1920 pedestrem
833 1857 919 1917 esse,
949 1838 1040 1920 cujus
1068 1858 1143 1903 usus
1172 1838 1300 1905 dicendi
1328 1856 1457 1919 semper
1483 1834 1539 1900 sibi

415 1934 607 2016 constiterit,
649 1935 774 1999 codices
812 1936 965 2017 temporis
1005 1936 1140 2000 decursu
1172 1943 1294 2001 tantam
1327 1936 1437 2000 labem
1472 1953 1539 1997 con·

416 2034 568 2112 traxisse,
597 2038 632 2096 ut
660 2052 700 2097 ex
731 2051 839 2097 eorum
869 2036 1057 2099 auctoritate
1085 2034 1247 2116 scriptoris
1275 2053 1353 2099 vcra
1385 2031 1541 2113 scriptura

416 2132 576 2197 enucleari
605 2149 669 2194 non
700 2130 825 2195 debeat.
870 2132 1026 2210 Quocirca
1056 2133 1206 2212 quoniam
1236 2130 1366 2194 dubium
1389 2149 1456 2192 non
1486 2135 1542 2206 est,

415 2230 491 2311 quin
521 2228 702 2294 Herodotus
732 2228 836 2292 ionice
865 2228 1042 2310 scripserit,
1078 2228 1223 2292 codicum
1256 2227 1414 2309 scriptura
1441 2225 1544 2307 magis

414 2328 560 2391 minusve
591 2327 740 2408 neglecta
769 2345 879 2390 omues
913 2326 979 2390 fere
1007 2324 1125 2391 formas
1158 2345 1198 2391 ex
1229 2325 1380 2406 analogia
1414 2322 1549 2388 dialecti

414 2424 539 2488 ionicae
554 2424 749 2488 constituunt
765 2422 1023 2503 Herodotumque
1042 2442 1112 2488 eum
1131 2422 1237 2487 facere
1259 2429 1426 2501 conantur,
1450 2440 1547 2502 quem

414 2522 513 2586 fuisse
537 2521 629 2584 Dion.
654 2520 756 2583 Halia.
781 2521 825 2584 VI
850 2524 911 2583 775
934 2520 1026 2584 dicit:
1054 2517 1236 2602 Ἡρόδοτος
1258 2526 1318 2602 τῆς
1338 2511 1444 2594 ’1άὸος
1470 2514 1552 2600 ἄρι-

417 2642 495 2693 στος
520 2615 637 2694 κανών,
666 2612 712 2691 (ὃς
735 2612 884 2702 Ἀττικῆς
911 2616 1132 2701 Θουκυδίδης.

502 2716 571 2778 Hac
607 2734 647 2778 ex
685 2715 843 2779 sententia
881 2721 969 2779 stant
1001 2716 1246 2795 Bredovius,
1285 2714 1553 2794 Dindorlius,

415 2812 597 2877 Steinius
621 2812 665 2886 (in
694 2812 850 2894 prioribus
872 2812 1087 2894 editionibus),
1112 2814 1363 2893 Dietscbius,
1394 2812 1555 2877 Abioh*

416 2910 512 2988 tius,
544 2910 597 2990 qui
619 2915 727 2973 tamen
750 2911 845 2973 etiam
868 2911 901 2975 in
925 2912 1078 2991 gravibus
1099 2912 1196 2975 rebus
1220 2929 1318 2993 saepe
1341 2910 1556 2989 dissentiunt,

416 3026 487 3070 cum
510 3007 566 3070 alii
588 3006 672 3071 banc
694 3007 749 3070 alii
770 3007 859 3071 illam
881 3008 1016 3073 lormam
1042 3009 1172 3074 Ionibus
1195 3009 1300 3087 licere,
1324 3007 1380 3072 alii
1404 3007 1465 3071 hac
1488 3006 1560 3071 alii

415 3105 473 3168 illa
495 3104 596 3168 forma
611 3103 808 3168 Herodotum
831 3126 896 3170 non
919 3125 1046 3189 semper
1069 3113 1101 3170 et
1123 3107 1241 3187 ubique
1262 3126 1352 3170 usum
1376 3124 1449 3169 esse
1473 3124 1560 3168 con-

415 3201 557 3283 tendant,
582 3201 638 3265 alii
659 3202 762 3283 magis
785 3202 841 3266 alii
863 3204 968 3269 minus
991 3202 1118 3267 codices
1133 3204 1314 3284 respiciant.
1345 3202 1552 3266 Permultum

415 3305 521 3363 autem
551 3300 662 3374 borum
692 3300 832 3364 virorum
861 3299 953 3365 labor
981 3300 1024 3364 ad
1046 3320 1156 3364 verum
1186 3299 1443 3382 cognoscendum
1474 3320 1557 3382 pro-

415 3395 504 3475 leoit3
528 3403 603 3459 ante
626 3416 736 3461 omnes
759 3397 946 3478 Bredovius,
971 3417 1064 3480 quem
1087 3404 1200 3479 postea
1221 3417 1333 3462 omnes
1355 3398 1423 3462 fere
1445 3397 1558 3461 secuti

416 3499 504 3573 sunt,
535 3513 659 3557 summa
682 3494 848 3575 diligentia
874 3495 996 3560 firmum
1021 3495 1254 3577 quodammodo
1278 3494 1408 3559 dialecti
1431 3492 1554 3557 lunda-

416 3596 557 3654 mentum
580 3592 768 3670 substruxit,
800 3592 855 3656 sed
886 3594 961 3675 quia
989 3614 1092 3676 neque
1116 3593 1157 3658 de
1185 3594 1315 3674 linguae
1336 3610 1475 3674 graecae
1497 3592 1545 3653 in-

417 3686 490 3752 dole
518 3690 569 3753 vel
593 3689 633 3753 de
657 3691 862 3755 dialectorum
887 3697 1002 3755 natura
1027 3697 1113 3755 recte
1131 3689 1290 3772 judicavit
1317 3708 1422 3770 neque
1450 3688 1547 3751 libro-

417 3805 485 3849 rum
509 3786 795 3870 manuscriptorum
816 3789 972 3853 rationem
995 3788 1073 3853 satis
1099 3788 1277 3870 perspexit,
1308 3786 1439 3868 saepius
1461 3804 1543 3850 erra-

416 3886 477 3967 vit,
501 3894 535 3949 ut
557 3905 642 3950 nunc
665 3905 875 3967 unaquaeque
897 3886 964 3952 fere
987 3906 1037 3951 res
1061 3886 1164 3951 denuo
1188 3884 1389 3950 examinetur
1411 3902 1542 3949 necesse

415 3983 465 4049 sit.
500 4020 541 4028 -
576 3986 707 4049 Duobus
735 3984 830 4048 annis
858 3991 934 4051 ante
956 3984 1107 4050 Bredovii
1135 4004 1215 4066 opus
1244 3981 1363 4064 prodiit
1386 3978 1541 4045 Dindorfii

416 4081 530 4163 editio,
564 4081 596 4145 in
626 4101 689 4163 qua
718 4100 841 4146 summa
869 4083 1047 4165 pertinacia
1073 4080 1206 4159 formas,
1236 4099 1315 4161 quas
1344 4079 1541 4144 neo-ionicas

416 4197 487 4244 csse
509 4178 729 4259 existimabat,
760 4180 923 4245 Herodoto
952 4178 1131 4261 imputavit.
1175 4177 1276 4240 Multa
1303 4175 1386 4241 falsa
1409 4196 1428 4241 e
1453 4183 1540 4240 textu

415 4276 565 4359 removit,
599 4277 715 4343 multas
743 4276 862 4341 formas
890 4277 1056 4360 praeclare
1083 4274 1228 4356 scriptori
1256 4274 1361 4337 ionico
1391 4271 1539 4349 reddidit,
