3575 5334
640 728 673 782 de
689 728 805 785 dialecto
823 728 915 785 Attica
931 729 1086 784 vetustiore.
1119 731 1153 785 ΙΙ.
1393 726 1454 791 407

331 906 434 985 (-ῃσι,
469 921 559 985 -ησι,
592 903 679 978 ·ασι)
712 920 732 966 a
764 895 928 968 sermone
944 902 1048 967 Attico
1081 921 1281 985 nequaquam
1315 903 1455 969 alienam

331 1000 440 1065 luisse.
484 1018 560 1063 narn
584 998 644 1063 etsi
666 997 815 1081 exempla
843 997 938 1064 huius
960 998 1098 1081 generis,
1121 1000 1259 1083 quaein
1281 1001 1380 1068 titulis
1402 1019 1456 1066 ex·

331 1104 433 1178 stant,
463 1096 542 1162 satis
569 1116 670 1179 parvo
697 1114 830 1161 numero
856 1104 1012 1163 certorum
1038 1097 1266 1162 vocabulorum
1292 1099 1456 1164 continen-

331 1204 391 1276 tur,
412 1201 521 1260 tamen
543 1199 673 1258 nonest
690 1194 766 1275 quin
788 1193 863 1260 illas
885 1194 1126 1262 terminationes
1148 1196 1326 1278 antiquiore
1348 1203 1455 1263 aetate

330 1292 417 1376 apud
437 1290 650 1358 Athenienses
672 1310 801 1373 prorsus
824 1293 1030 1375 pervolgatas
1051 1291 1149 1359 fuisse
1170 1293 1337 1359 credamus
1357 1291 1455 1376 idque
1528 1370 1530 1373 ¹

331 1409 394 1455 non
418 1391 521 1455 solum
545 1397 721 1470 euastata,
746 1409 809 1472 qua
830 1384 849 1475 ἡ
871 1384 941 1466 laic,
965 1397 1000 1454 ut
1021 1396 1146 1456 veteres
1167 1390 1246 1456 satis
1268 1391 1456 1475 simpliciter

331 1493 525 1570 statuerunt,
558 1487 598 1574 τῇ
631 1486 761 1573 παλαιᾷ
786 1477 924 1551 Ἀτθίδι
956 1482 976 1572 ἦ
1011 1480 1090 1569 αὐτὴ
1126 1488 1186 1553 fuit
1219 1489 1336 1561 (Strab.
1366 1488 1453 1570 VIII,

331 1607 362 1669 p.
386 1587 475 1668 333),
510 1586 567 1652 sed
602 1587 697 1651 etiam
730 1591 803 1668 post
836 1584 1064 1650 discessionem
1094 1585 1206 1651 harum
1235 1584 1454 1667 dialectorum,

331 1683 482 1765 quoniam
504 1691 572 1768 pet
593 1707 615 1747 a
636 1685 735 1766 longa
749 1682 855 1748 Attico
877 1702 966 1747 more
988 1689 1136 1756 accurate
1157 1684 1191 1748 in
1213 1685 1260 1750 eis
1283 1684 1455 1768 distingue

330 1781 457 1846 bantur.
504 1800 542 1846 co
570 1787 676 1847 autem
704 1780 807 1863 magis
829 1780 936 1845 mirari
963 1799 1146 1863 possumus,
1177 1801 1335 1864 quaenam
1358 1801 1456 1848 causa

331 1878 442 1961 iurarit,
476 1899 532 1944 cur
560 1879 774 1945 Athenienses
807 1877 849 1943 ad
879 1896 996 1942 novam
1025 1877 1159 1942 formam
1187 1881 1266 1945 satis
1295 1879 1453 1968 diversam
1497 1926 1500 1931 -

330 1996 460 2059 prorsus
493 1996 734 2060 supervacanea
770 1976 947 2040 mutatione
982 1976 1206 2042 transsilirent.
1261 1996 1453 2060 quamquam

331 2075 417 2138 enim
441 2093 544 2156 neque
566 2081 742 2140 ceterorum
764 2073 1042 2155 grammaticorum
1065 2072 1231 2155 quisquam
1254 2094 1373 2156 neque,
1401 2075 1454 2158 qui

330 2172 461 2254 propria
482 2190 558 2236 cura
581 2172 622 2237 de
650 2171 699 2237 his
724 2171 820 2236 rebus
843 2176 993 2253 egerunt,
1023 2169 1239 2237 Kirchhoifius
1261 2179 1317 2236 aut
1338 2172 1455 2237 Weck-

330 2268 447 2333 leinius
468 2277 676 2351 aperuerunt,
707 2288 769 2351 qua
791 2269 916 2333 ratione
937 2266 1150 2333 Athenienses
1178 2289 1267 2332 -αισι
1295 2264 1355 2351 p'ro
1380 2290 1454 2353 poa

332 2372 363 2431 et
383 2388 460 2429 -ασι
482 2366 666 2449 usurpando
689 2366 872 2431 assuevisse
894 2370 1053 2447 putarent,
1076 2372 1183 2429 tamen
1201 2368 1363 2431 neminem
1385 2366 1454 2433 iore

331 2483 442 2547 spero,
470 2464 521 2546 qui
545 2464 720 2529 contendat
741 2468 828 2528 recta
852 2462 906 2526 via
928 2469 962 2527 ut
985 2459 1093 2539 λύκοις
1115 2481 1155 2527 cx
1178 2460 1305 2527 λύκοισι
1327 2465 1374 2529 sic
1394 2487 1454 2528 τα-

330 2565 423 2641 μίαις
453 2581 493 2627 ex
521 2565 659 2641 capriana
690 2559 755 2626 fieri
782 2560 933 2643 potuisse.
978 2579 1095 2643 nempe
1125 2580 1202 2626 vera
1235 2581 1332 2626 causa
1359 2562 1453 2627 huius

331 2658 516 2724 mutationis
549 2659 654 2741 posita
685 2657 745 2722 fuit
776 2658 809 2722 in
842 2658 948 2723 studio
977 2658 1115 2741 quodam
1144 2659 1333 2741 analogiae,
1368 2659 1452 2743 quod

332 2756 452 2835 effecit,
482 2762 516 2821 ut
538 2755 648 2820 dativo
670 2754 752 2838 plur.
775 2756 937 2822 secundae
960 2756 1183 2822 declinationis
1204 2756 1238 2821 in
1261 2779 1349 2823 -orua
1372 2758 1453 2824 desi·

331 2854 420 2919 nenti
436 2859 650 2936 opponeretur
668 2854 701 2916 in
722 2853 827 2935 prima
843 2853 1058 2920 declinatione
1072 2875 1161 2918 -αισι
1168 2857 1200 2930 ⁴).
1232 2854 1325 2920 huius
1347 2862 1454 2922 autem

330 2950 428 3017 studii
457 2949 548 3014 initia
580 2951 658 3014 satis
690 2956 835 3017 vetustae
866 2952 965 3017 aetati
997 2953 1094 3016 totius
1123 2952 1256 3033 linguae
1285 2953 1455 3019 tribuenda

331 3054 420 3130 sunt,
451 3046 600 3130 quoniam
617 3037 662 3112 'in
691 3048 838 3113 omnibus
867 3048 1013 3114 dialectis
1036 3048 1167 3114 Graecis
1189 3056 1323 3132 excepta
1346 3051 1455 3115 Ionica

399 3284 420 3346 Δ)
447 3282 514 3335 haec
532 3282 690 3349 explicatio,
714 3286 844 3349 quantum
862 3281 983 3348 memini,
1009 3282 1043 3335 ah
1066 3281 1125 3335 allis
1143 3280 1265 3335 nondum
1279 3282 1386 3351 prolata
1404 3290 1453 3338 est.

333 3379 382 3418 nec
400 3369 492 3417 tamen
506 3361 554 3428 eis,
572 3378 640 3430 quae
652 3361 702 3415 viri
720 3360 793 3418 docti
811 3362 844 3417 de
860 3362 914 3417 illis
932 3362 1025 3416 formis
1043 3361 1235 3425 disseruerunt,
1253 3378 1296 3417 res
1310 3362 1454 3417 admodum

332 3443 450 3499 difficilis
468 3443 534 3497 satis
552 3444 687 3497 illustrata
705 3457 764 3497 esse
782 3443 847 3497 mihi
864 3442 1012 3497 ridebatur.
1044 3449 1071 3497 et
1087 3441 1250 3495 Weckleinii
1268 3443 1374 3510 quidem
1392 3460 1455 3499 sen·

332 3525 446 3579 tentiam
463 3539 547 3591 supra
564 3523 721 3578 examinari.
746 3530 888 3592 praeterea
898 3523 1052 3578 Renneri
1071 3523 1275 3589 „quaestionum
1293 3524 1326 3577 de
1339 3524 1453 3580 dialecto

331 3603 491 3672 antiquioris
501 3604 668 3658 Graecorum
685 3604 777 3671 poesis
794 3604 928 3673 elegiacac
946 3612 974 3659 et
989 3604 1137 3660 iambicae“
1157 3608 1184 3657 ct
1197 3602 1337 3657 Gerthii
1355 3620 1454 3674 „quae-

331 3686 450 3739 stionum
477 3684 509 3738 de
535 3685 657 3740 Graecae
682 3683 837 3751 tragoediae
864 3684 995 3739 dialecto“
1027 3690 1101 3738 certa
1133 3684 1225 3751 capita
1249 3684 1303 3738 huc
1329 3691 1455 3753 spectant

331 3764 451 3827 (Renner
469 3763 545 3819 Stud.
563 3765 584 3833 l,
605 3770 627 3830 1,
650 3773 694 3814 rot
711 3780 767 3832 sqq.
792 3763 876 3817 Gerth
893 3766 930 3820 ib.
949 3770 973 3831 2,
993 3774 1040 3814 aas
1057 3769 1132 3834 sqq).
1167 3779 1184 3817 a
1201 3765 1337 3819 sententia
1353 3767 1454 3820 utrius·

332 3861 383 3914 qne
405 3860 492 3899 meam
513 3862 568 3899 non
593 3861 647 3899 uno
670 3844 732 3898 loco
757 3843 863 3898 differre
887 3847 1073 3914 unusquisque
1096 3844 1177 3900 facule
1196 3844 1304 3900 ridebit.
1339 3846 1455 3914 quodsi
1554 3907 1564 3922 ,

332 3930 504 3995 argumenta,
524 3926 623 3994 quihus
640 3926 716 3979 nisus
734 3925 768 3978 ab
788 3925 826 3979 eis
844 3925 968 3989 discessi,
986 3942 1041 3980 non
1061 3925 1184 3995 exposui,
1201 3918 1334 3981 hoc'ideo
1351 3927 1455 3981 factum

332 4010 386 4071 est,
414 4004 487 4074 quod
511 4020 543 4059 ea
564 4011 612 4059 aut
636 4005 728 4059 eadem
751 4011 828 4071 suut,
856 4021 926 4074 quae
954 4013 1049 4061 eontra
1070 4006 1267 4060 Weckleinium
1291 4007 1383 4072 attuli,
1407 4012 1456 4061 aut

333 4087 429 4141 saltem
448 4102 481 4141 ex
499 4086 681 4155 disputatione
698 4101 758 4140 mea
775 4103 835 4141 cum
860 4086 968 4140 duabus
991 4086 1043 4140 illis
1066 4094 1223 4156 comparata
1245 4086 1372 4141 facillime
1389 4102 1454 4155 sup-

331 4166 400 4234 pleri
426 4171 550 4235 possunt.
585 4182 647 4219 nam
670 4166 813 4221 Rennerus
841 4170 868 4221 et
893 4166 1021 4220 Gerthins
1049 4182 1110 4220 curn
1136 4165 1257 4221 subsidia
1281 4165 1456 4235 epigraphiea

332 4261 387 4300 non
404 4246 434 4301 in
458 4252 586 4315 promptu
604 4246 747 4314 habereut,
773 4264 826 4301 non
848 4250 996 4316 potuerunt
1017 4246 1052 4301 de
1074 4249 1133 4301 tota
1153 4247 1200 4300 illa
1220 4247 1376 4314 quaestione
1400 4262 1455 4300 non
1514 4250 1516 4253 '

332 4327 410 4381 aliter
427 4326 550 4381 iudicare
568 4330 649 4396 atque
668 4342 724 4395 ego,
747 4328 823 4381 cuins
842 4327 928 4382 omnis
946 4341 1030 4394 opera
1047 4328 1085 4381 eis
1103 4326 1259 4395 colligendis
1276 4328 1379 4381 tributa
1394 4325 1456 4380 fnit.
