<?xml version="1.0" encoding="UTF-8"?>
<!DOCTYPE html PUBLIC "-//W3C//DTD XHTML 1.0 Transitional//EN"
    "http://www.w3.org/TR/xhtml1/DTD/xhtml1-transitional.dtd">
<html xmlns="http://www.w3.org/1999/xhtml" xml:lang="en" lang="en">
 <head>
  <title>
</title>
<meta http-equiv="Content-Type" content="text/html;charset=utf-8" />
  <meta name='ocr-system' content='tesseract 3.04.00' />
  <meta name='ocr-capabilities' content='ocr_page ocr_carea ocr_par ocr_line ocrx_word'/>
</head>
<body>
  <div class='ocr_page' id='page_1' title='image "./studienzurgriec00curtgoog_0285.png"; bbox 0 0 3575 5334; ppageno 0'>
   <div class='ocr_carea' id='block_1_1' title="bbox 561 682 1371 751">
    <p class='ocr_par' dir='ltr' id='par_1_1' title="bbox 561 682 1371 751">
     <span class='ocr_line' id='line_1_1' title="bbox 561 682 1371 751; baseline 0.02 -15"><span class='ocrx_word' id='word_1_1' title='bbox 561 683 593 737; x_wconf 92' lang='lat' dir='ltr'><strong>de</strong></span> <span class='ocrx_word' id='word_1_2' title='bbox 611 682 726 738; x_wconf 82' lang='lat' dir='ltr'><strong>dialecto</strong></span> <span class='ocrx_word' id='word_1_3' title='bbox 744 683 837 739; x_wconf 87' lang='lat' dir='ltr'><strong>Attica</strong></span> <span class='ocrx_word' id='word_1_4' title='bbox 853 685 1008 741; x_wconf 83' lang='lat' dir='ltr'><strong>vetustiore.</strong></span> <span class='ocrx_word' id='word_1_5' title='bbox 1043 687 1065 742; x_wconf 91' lang='lat'><strong>1.</strong></span> <span class='ocrx_word' id='word_1_6' title='bbox 1310 691 1371 751; x_wconf 79' lang='lat'><strong>275</strong></span> 
     </span>
    </p>
   </div>
   <div class='ocr_carea' id='block_1_2' title="bbox 245 847 1373 1037">
    <p class='ocr_par' dir='ltr' id='par_1_2' title="bbox 245 847 1373 1037">
     <span class='ocr_line' id='line_1_2' title="bbox 332 847 1372 941; baseline 0.014 -26"><span class='ocrx_word' id='word_1_7' title='bbox 332 847 529 934; x_wconf 75' lang='grc' dir='ltr'><strong><em>τριττόαν</em></strong></span> <span class='ocrx_word' id='word_1_8' title='bbox 553 860 581 935; x_wconf 89' lang='grc'><strong>5,</strong></span> <span class='ocrx_word' id='word_1_9' title='bbox 605 868 629 935; x_wconf 82' lang='grc'><strong>5,</strong></span> <span class='ocrx_word' id='word_1_10' title='bbox 655 850 844 935; x_wconf 65' lang='lat' dir='ltr'><strong>tetracorda]</strong></span> <span class='ocrx_word' id='word_1_11' title='bbox 868 860 940 935; x_wconf 97' lang='grc'><strong>534,</strong></span> <span class='ocrx_word' id='word_1_12' title='bbox 963 871 987 940; x_wconf 80' lang='grc'><strong>5,</strong></span> <span class='ocrx_word' id='word_1_13' title='bbox 1010 866 1144 941; x_wconf 89' lang='lat' dir='ltr'><strong>utroque</strong></span> <span class='ocrx_word' id='word_1_14' title='bbox 1168 862 1238 927; x_wconf 89' lang='lat' dir='ltr'><strong>loco</strong></span> <span class='ocrx_word' id='word_1_15' title='bbox 1260 863 1372 930; x_wconf 88' lang='lat' dir='ltr'><strong>addito</strong></span> 
     </span>
     <span class='ocr_line' id='line_1_3' title="bbox 245 946 1373 1037; baseline 0.013 -25"><span class='ocrx_word' id='word_1_16' title='bbox 245 946 401 1033; x_wconf 71' lang='grc' dir='ltr'><strong>βόαρχον,</strong></span> <span class='ocrx_word' id='word_1_17' title='bbox 430 957 465 1014; x_wconf 90' lang='grc'><strong>54</strong></span> <span class='ocrx_word' id='word_1_18' title='bbox 493 950 534 1016; x_wconf 90' lang='lat' dir='ltr'><strong>de</strong></span> <span class='ocrx_word' id='word_1_19' title='bbox 556 952 709 1018; x_wconf 87' lang='lat' dir='ltr'><strong>sacrificio</strong></span> <span class='ocrx_word' id='word_1_20' title='bbox 732 952 870 1037; x_wconf 83' lang='lat' dir='ltr'><strong>cogitari</strong></span> <span class='ocrx_word' id='word_1_21' title='bbox 891 962 1037 1037; x_wconf 89' lang='lat' dir='ltr'><strong>apertum</strong></span> <span class='ocrx_word' id='word_1_22' title='bbox 1064 956 1114 1021; x_wconf 90' lang='grc'><strong>514.</strong></span> <span class='ocrx_word' id='word_1_23' title='bbox 1158 958 1373 1029; x_wconf 87' lang='lat' dir='ltr'><strong>Kirchholfius</strong></span> 
     </span>
    </p>
   </div>
   <div class='ocr_carea' id='block_1_3' title="bbox 245 1048 1374 2110">
    <p class='ocr_par' dir='ltr' id='par_1_3' title="bbox 245 1048 1374 2110">
     <span class='ocr_line' id='line_1_4' title="bbox 246 1048 1374 1136; baseline 0.007 -19"><span class='ocrx_word' id='word_1_24' title='bbox 246 1050 344 1117; x_wconf 88' lang='lat' dir='ltr'><strong>etiam</strong></span> <span class='ocrx_word' id='word_1_25' title='bbox 369 1051 440 1129; x_wconf 84' lang='lat'><strong>534,</strong></span> <span class='ocrx_word' id='word_1_26' title='bbox 463 1050 519 1123; x_wconf 76' lang='lat'><strong>5²³)</strong></span> <span class='ocrx_word' id='word_1_27' title='bbox 545 1050 654 1115; x_wconf 81' lang='lat' dir='ltr'><strong>scribit</strong></span> <span class='ocrx_word' id='word_1_28' title='bbox 675 1048 838 1131; x_wconf 78' lang='grc' dir='ltr'><strong>τριττόαν.</strong></span> <span class='ocrx_word' id='word_1_29' title='bbox 883 1051 941 1119; x_wconf 91' lang='lat' dir='ltr'><strong>sed</strong></span> <span class='ocrx_word' id='word_1_30' title='bbox 964 1073 1035 1118; x_wconf 89' lang='lat' dir='ltr'><strong>cum</strong></span> <span class='ocrx_word' id='word_1_31' title='bbox 1058 1053 1091 1116; x_wconf 91' lang='lat' dir='ltr'><strong>in</strong></span> <span class='ocrx_word' id='word_1_32' title='bbox 1114 1054 1224 1136; x_wconf 87' lang='lat' dir='ltr'><strong>lapide</strong></span> <span class='ocrx_word' id='word_1_33' title='bbox 1246 1065 1374 1124; x_wconf 85' lang='lat' dir='ltr'><strong>exstent</strong></span> 
     </span>
     <span class='ocr_line' id='line_1_5' title="bbox 246 1143 1372 1237; baseline 0.007 -25"><span class='ocrx_word' id='word_1_34' title='bbox 246 1149 361 1214; x_wconf 90' lang='lat' dir='ltr'><strong>literae</strong></span> <span class='ocrx_word' id='word_1_35' title='bbox 383 1143 593 1208; x_wconf 76' lang='lat' dir='ltr'><strong>TPlTTO&#39;A</strong></span> <span class='ocrx_word' id='word_1_36' title='bbox 606 1147 664 1229; x_wconf 65' lang='grc' dir='ltr'><strong>·,Β,</strong></span> <span class='ocrx_word' id='word_1_37' title='bbox 690 1148 829 1213; x_wconf 90' lang='lat' dir='ltr'><strong>dubitari</strong></span> <span class='ocrx_word' id='word_1_38' title='bbox 847 1169 911 1214; x_wconf 90' lang='lat' dir='ltr'><strong>non</strong></span> <span class='ocrx_word' id='word_1_39' title='bbox 934 1170 1029 1233; x_wconf 88' lang='lat' dir='ltr'><strong>posse</strong></span> <span class='ocrx_word' id='word_1_40' title='bbox 1043 1151 1120 1215; x_wconf 92' lang='lat' dir='ltr'><strong>mihi</strong></span> <span class='ocrx_word' id='word_1_41' title='bbox 1136 1152 1272 1237; x_wconf 86' lang='lat' dir='ltr'><strong>videtur,</strong></span> <span class='ocrx_word' id='word_1_42' title='bbox 1296 1157 1372 1237; x_wconf 91' lang='lat' dir='ltr'><strong>quin</strong></span> 
     </span>
     <span class='ocr_line' id='line_1_6' title="bbox 245 1240 1371 1335; baseline 0.006 -27"><span class='ocrx_word' id='word_1_43' title='bbox 245 1250 414 1326; x_wconf 72' lang='lat' dir='ltr'><strong>colereter</strong></span> <span class='ocrx_word' id='word_1_44' title='bbox 436 1240 598 1325; x_wconf 81' lang='grc' dir='ltr'>β[όαρχον]</span> <span class='ocrx_word' id='word_1_45' title='bbox 624 1244 798 1327; x_wconf 85' lang='lat' dir='ltr'><strong>legendum</strong></span> <span class='ocrx_word' id='word_1_46' title='bbox 820 1246 870 1312; x_wconf 86' lang='lat' dir='ltr'><strong>sir.</strong></span> <span class='ocrx_word' id='word_1_47' title='bbox 916 1247 999 1312; x_wconf 85' lang='lat' dir='ltr'><strong>hanc</strong></span> <span class='ocrx_word' id='word_1_48' title='bbox 1021 1248 1106 1313; x_wconf 89' lang='lat' dir='ltr'><strong>enim</strong></span> <span class='ocrx_word' id='word_1_49' title='bbox 1129 1248 1262 1314; x_wconf 83' lang='lat' dir='ltr'><strong>formam</strong></span> <span class='ocrx_word' id='word_1_50' title='bbox 1285 1275 1371 1335; x_wconf 82' lang='grc' dir='ltr'><strong><em>προ-</em></strong></span> 
     </span>
     <span class='ocr_line' id='line_1_7' title="bbox 246 1337 1369 1429; baseline 0.006 -22"><span class='ocrx_word' id='word_1_51' title='bbox 246 1337 482 1424; x_wconf 77' lang='grc' dir='ltr'><strong><em>παροξυτόνως</em></strong></span> <span class='ocrx_word' id='word_1_52' title='bbox 523 1342 725 1407; x_wconf 88' lang='lat' dir='ltr'><strong>scribendam</strong></span> <span class='ocrx_word' id='word_1_53' title='bbox 762 1362 834 1409; x_wconf 90' lang='lat' dir='ltr'><strong>esse</strong></span> <span class='ocrx_word' id='word_1_54' title='bbox 869 1350 979 1409; x_wconf 90' lang='lat' dir='ltr'><strong>auctor</strong></span> <span class='ocrx_word' id='word_1_55' title='bbox 1021 1351 1070 1409; x_wconf 91' lang='grc'><strong>554</strong></span> <span class='ocrx_word' id='word_1_56' title='bbox 1106 1345 1308 1414; x_wconf 88' lang='lat' dir='ltr'><strong>Herodianus</strong></span> <span class='ocrx_word' id='word_1_57' title='bbox 1344 1352 1369 1429; x_wconf 89' lang='lat' dir='ltr'><strong>I,</strong></span> 
     </span>
     <span class='ocr_line' id='line_1_8' title="bbox 246 1430 1371 1525; baseline 0.007 -22"><span class='ocrx_word' id='word_1_58' title='bbox 246 1444 325 1520; x_wconf 77' lang='lat'><strong>281,</strong></span> <span class='ocrx_word' id='word_1_59' title='bbox 354 1443 405 1503; x_wconf 68' lang='grc'><strong>45.</strong></span> <span class='ocrx_word' id='word_1_60' title='bbox 436 1460 510 1502; x_wconf 77' lang='grc' dir='ltr'><strong><em>·οια</em></strong></span> <span class='ocrx_word' id='word_1_61' title='bbox 541 1447 648 1504; x_wconf 88' lang='grc'><strong>55455</strong></span> <span class='ocrx_word' id='word_1_62' title='bbox 682 1439 938 1506; x_wconf 81' lang='lat' dir='ltr'><strong>terminationem</strong></span> <span class='ocrx_word' id='word_1_63' title='bbox 970 1430 1081 1507; x_wconf 83' lang='lat' dir='ltr'><strong>Ionica</strong></span> <span class='ocrx_word' id='word_1_64' title='bbox 1113 1445 1371 1525; x_wconf 80' lang='lat' dir='ltr'><strong>pronuntiatione</strong></span> 
     </span>
     <span class='ocr_line' id='line_1_9' title="bbox 246 1535 1370 1624; baseline 0.004 -20"><span class='ocrx_word' id='word_1_65' title='bbox 246 1557 284 1604; x_wconf 84' lang='lat' dir='ltr'><strong>ex</strong></span> <span class='ocrx_word' id='word_1_66' title='bbox 308 1560 367 1601; x_wconf 83' lang='grc' dir='ltr'><strong>υια</strong></span> <span class='ocrx_word' id='word_1_67' title='bbox 389 1535 504 1602; x_wconf 88' lang='grc'><strong>155455</strong></span> <span class='ocrx_word' id='word_1_68' title='bbox 529 1556 601 1603; x_wconf 89' lang='grc'><strong>5555</strong></span> <span class='ocrx_word' id='word_1_69' title='bbox 624 1537 718 1602; x_wconf 84' lang='grc'><strong>15554</strong></span> <span class='ocrx_word' id='word_1_70' title='bbox 739 1537 939 1620; x_wconf 86' lang='lat' dir='ltr'><strong>Lobeckius,</strong></span> <span class='ocrx_word' id='word_1_71' title='bbox 961 1538 1087 1604; x_wconf 90' lang='lat' dir='ltr'><strong>Pathol.</strong></span> <span class='ocrx_word' id='word_1_72' title='bbox 1111 1541 1370 1624; x_wconf 82' lang='grc' dir='ltr'><strong>5155.Ι1,25,5.</strong></span> 
     </span>
     <span class='ocr_line' id='line_1_10' title="bbox 330 1630 1369 1721; baseline 0.007 -23"><span class='ocrx_word' id='word_1_73' title='bbox 330 1630 596 1709; x_wconf 80' lang='grc' dir='ltr'><strong><em>Λευκονοεύς</em></strong></span> <span class='ocrx_word' id='word_1_74' title='bbox 625 1637 696 1715; x_wconf 84' lang='lat'><strong>237,</strong></span> <span class='ocrx_word' id='word_1_75' title='bbox 726 1646 765 1697; x_wconf 87' lang='grc'><strong>36.</strong></span> <span class='ocrx_word' id='word_1_76' title='bbox 808 1634 1031 1713; x_wconf 81' lang='grc' dir='ltr'><strong><em>Λευκονοιεός</em></strong></span> <span class='ocrx_word' id='word_1_77' title='bbox 1065 1642 1142 1714; x_wconf 88' lang='grc'><strong>140,</strong></span> <span class='ocrx_word' id='word_1_78' title='bbox 1166 1650 1205 1702; x_wconf 78' lang='grc'><strong>24.</strong></span> <span class='ocrx_word' id='word_1_79' title='bbox 1245 1643 1322 1721; x_wconf 88' lang='grc'><strong>176,</strong></span> <span class='ocrx_word' id='word_1_80' title='bbox 1345 1652 1369 1705; x_wconf 89' lang='grc'><strong>4.</strong></span> 
     </span>
     <span class='ocr_line' id='line_1_11' title="bbox 247 1735 367 1815; baseline 0 -19"><span class='ocrx_word' id='word_1_81' title='bbox 247 1735 318 1815; x_wconf 80' lang='grc'><strong>138,</strong></span> <span class='ocrx_word' id='word_1_82' title='bbox 342 1744 367 1796; x_wconf 81' lang='lat'><strong>2.</strong></span> 
     </span>
     <span class='ocr_line' id='line_1_12' title="bbox 271 1822 838 1893; baseline -0.004 0"><span class='ocrx_word' id='word_1_83' title='bbox 271 1822 272 1826; x_wconf 62' lang='grc'>’</span> <span class='ocrx_word' id='word_1_84' title='bbox 331 1828 363 1893; x_wconf 94' lang='lat' dir='ltr'><strong>d.</strong></span> <span class='ocrx_word' id='word_1_85' title='bbox 407 1827 838 1893; x_wconf 77' lang='grc' dir='ltr'><strong>υι555455111455155.</strong></span> 
     </span>
     <span class='ocr_line' id='line_1_13' title="bbox 329 1925 1371 2004; baseline 0.005 -11"><span class='ocrx_word' id='word_1_86' title='bbox 329 1946 406 1993; x_wconf 89' lang='lat' dir='ltr'><strong>nam</strong></span> <span class='ocrx_word' id='word_1_87' title='bbox 433 1926 514 1991; x_wconf 87' lang='lat' dir='ltr'><strong>haec</strong></span> <span class='ocrx_word' id='word_1_88' title='bbox 536 1945 600 1989; x_wconf 92' lang='lat' dir='ltr'><strong>non</strong></span> <span class='ocrx_word' id='word_1_89' title='bbox 623 1931 671 1989; x_wconf 87' lang='lat' dir='ltr'><strong>est</strong></span> <span class='ocrx_word' id='word_1_90' title='bbox 693 1925 892 2004; x_wconf 77' lang='lat' dir='ltr'><strong>constrictio,</strong></span> <span class='ocrx_word' id='word_1_91' title='bbox 923 1926 981 1992; x_wconf 91' lang='lat' dir='ltr'><strong>sed</strong></span> <span class='ocrx_word' id='word_1_92' title='bbox 1009 1951 1044 1990; x_wconf 87' lang='grc' dir='ltr'><strong>υι</strong></span> <span class='ocrx_word' id='word_1_93' title='bbox 1072 1930 1202 1994; x_wconf 87' lang='lat' dir='ltr'><strong>vocales</strong></span> <span class='ocrx_word' id='word_1_94' title='bbox 1229 1929 1313 1996; x_wconf 92' lang='lat' dir='ltr'><strong>inter</strong></span> <span class='ocrx_word' id='word_1_95' title='bbox 1335 1952 1371 1998; x_wconf 90' lang='lat' dir='ltr'><strong>se</strong></span> 
     </span>
     <span class='ocr_line' id='line_1_14' title="bbox 245 2022 1370 2110; baseline 0.002 -19"><span class='ocrx_word' id='word_1_96' title='bbox 245 2026 322 2091; x_wconf 90' lang='grc'><strong>55415</strong></span> <span class='ocrx_word' id='word_1_97' title='bbox 367 2022 492 2089; x_wconf 88' lang='grc'><strong>5151155</strong></span> <span class='ocrx_word' id='word_1_98' title='bbox 530 2022 759 2087; x_wconf 90' lang='lat' dir='ltr'><strong>contrahuntur</strong></span> <span class='ocrx_word' id='word_1_99' title='bbox 798 2022 953 2105; x_wconf 90' lang='lat' dir='ltr'><strong>paulatim</strong></span> <span class='ocrx_word' id='word_1_100' title='bbox 998 2024 1033 2088; x_wconf 94' lang='grc'><strong>15</strong></span> <span class='ocrx_word' id='word_1_101' title='bbox 1077 2046 1188 2107; x_wconf 91' lang='grc'><strong>5555,</strong></span> <span class='ocrx_word' id='word_1_102' title='bbox 1233 2028 1370 2110; x_wconf 89' lang='lat' dir='ltr'><strong>primum</strong></span> 
     </span>
    </p>
   </div>
   <div class='ocr_carea' id='block_1_4' title="bbox 244 2118 1473 2206">
    <p class='ocr_par' dir='ltr' id='par_1_4' title="bbox 244 2118 1473 2206">
     <span class='ocr_line' id='line_1_15' title="bbox 244 2118 1473 2206; baseline 0.003 -19"><span class='ocrx_word' id='word_1_103' title='bbox 244 2121 373 2204; x_wconf 91' lang='lat' dir='ltr'><strong>quidem</strong></span> <span class='ocrx_word' id='word_1_104' title='bbox 407 2118 681 2203; x_wconf 81' lang='lat' dir='ltr'><strong>pronuntiatione,</strong></span> <span class='ocrx_word' id='word_1_105' title='bbox 715 2118 833 2185; x_wconf 91' lang='lat' dir='ltr'><strong>deinde</strong></span> <span class='ocrx_word' id='word_1_106' title='bbox 862 2120 957 2185; x_wconf 90' lang='lat' dir='ltr'><strong>etiam</strong></span> <span class='ocrx_word' id='word_1_107' title='bbox 990 2120 1199 2204; x_wconf 78' lang='lat' dir='ltr'><strong>scriptura.²⁴)</strong></span> <span class='ocrx_word' id='word_1_108' title='bbox 1231 2144 1370 2206; x_wconf 92' lang='lat' dir='ltr'><strong>pronun·</strong></span> <span class='ocrx_word' id='word_1_109' title='bbox 1471 2185 1473 2190; x_wconf 26' lang='lat' dir='ltr'>s</span> 
     </span>
    </p>
   </div>
   <div class='ocr_carea' id='block_1_5' title="bbox 241 2216 1369 3078">
    <p class='ocr_par' dir='ltr' id='par_1_5' title="bbox 241 2216 1369 3078">
     <span class='ocr_line' id='line_1_16' title="bbox 244 2216 1368 2305; baseline 0.004 -22"><span class='ocrx_word' id='word_1_110' title='bbox 244 2219 377 2284; x_wconf 91' lang='lat' dir='ltr'><strong>tiatione</strong></span> <span class='ocrx_word' id='word_1_111' title='bbox 406 2216 491 2283; x_wconf 91' lang='lat' dir='ltr'><strong>enim</strong></span> <span class='ocrx_word' id='word_1_112' title='bbox 520 2240 555 2280; x_wconf 86' lang='grc' dir='ltr'><strong>υι</strong></span> <span class='ocrx_word' id='word_1_113' title='bbox 583 2217 661 2283; x_wconf 93' lang='grc'><strong>55415</strong></span> <span class='ocrx_word' id='word_1_114' title='bbox 689 2217 795 2300; x_wconf 90' lang='lat' dir='ltr'><strong>prisca</strong></span> <span class='ocrx_word' id='word_1_115' title='bbox 821 2216 886 2282; x_wconf 89' lang='lat' dir='ltr'><strong>iam</strong></span> <span class='ocrx_word' id='word_1_116' title='bbox 919 2225 1026 2283; x_wconf 89' lang='lat' dir='ltr'><strong>aetate</strong></span> <span class='ocrx_word' id='word_1_117' title='bbox 1053 2219 1255 2302; x_wconf 83' lang='lat' dir='ltr'><strong>maximeque</strong></span> <span class='ocrx_word' id='word_1_118' title='bbox 1281 2223 1368 2305; x_wconf 92' lang='lat' dir='ltr'><strong>apud</strong></span> 
     </span>
     <span class='ocr_line' id='line_1_17' title="bbox 244 2314 1369 2399; baseline 0.003 -18"><span class='ocrx_word' id='word_1_119' title='bbox 244 2317 366 2381; x_wconf 83' lang='lat' dir='ltr'><strong>Atticos</strong></span> <span class='ocrx_word' id='word_1_120' title='bbox 397 2314 432 2378; x_wconf 95' lang='lat' dir='ltr'><strong>in</strong></span> <span class='ocrx_word' id='word_1_121' title='bbox 464 2314 761 2397; x_wconf 83' lang='lat' dir='ltr'><strong>monophtbongum</strong></span> <span class='ocrx_word' id='word_1_122' title='bbox 790 2314 949 2380; x_wconf 82' lang='lat' dir='ltr'><strong>coaluisse</strong></span> <span class='ocrx_word' id='word_1_123' title='bbox 978 2323 1010 2380; x_wconf 91' lang='lat' dir='ltr'><strong>et</strong></span> <span class='ocrx_word' id='word_1_124' title='bbox 1037 2323 1180 2381; x_wconf 86' lang='lat' dir='ltr'><strong>veterum</strong></span> <span class='ocrx_word' id='word_1_125' title='bbox 1211 2338 1369 2399; x_wconf 80' lang='lat' dir='ltr'><strong>gramma·</strong></span> 
     </span>
     <span class='ocr_line' id='line_1_18' title="bbox 243 2411 1367 2497; baseline 0.004 -20"><span class='ocrx_word' id='word_1_126' title='bbox 243 2413 377 2479; x_wconf 91' lang='lat' dir='ltr'><strong>ticorum</strong></span> <span class='ocrx_word' id='word_1_127' title='bbox 406 2411 596 2477; x_wconf 86' lang='lat' dir='ltr'><strong>testimoniis</strong></span> <span class='ocrx_word' id='word_1_128' title='bbox 616 2432 645 2497; x_wconf 87' lang='lat' dir='ltr'><strong>a</strong></span> <span class='ocrx_word' id='word_1_129' title='bbox 674 2411 881 2477; x_wconf 77' lang='lat' dir='ltr'><strong>Lobeclrio</strong></span> <span class='ocrx_word' id='word_1_130' title='bbox 911 2412 953 2476; x_wconf 87' lang='lat' dir='ltr'><strong>ad</strong></span> <span class='ocrx_word' id='word_1_131' title='bbox 975 2412 1095 2497; x_wconf 82' lang='lat' dir='ltr'><strong>Phryn.</strong></span> <span class='ocrx_word' id='word_1_132' title='bbox 1116 2419 1158 2477; x_wconf 86' lang='grc'><strong>46</strong></span> <span class='ocrx_word' id='word_1_133' title='bbox 1185 2420 1219 2479; x_wconf 90' lang='grc'><strong>54</strong></span> <span class='ocrx_word' id='word_1_134' title='bbox 1242 2417 1367 2482; x_wconf 85' lang='lat' dir='ltr'><strong>Pathol.</strong></span> 
     </span>
     <span class='ocr_line' id='line_1_19' title="bbox 244 2509 1368 2593; baseline 0.004 -17"><span class='ocrx_word' id='word_1_135' title='bbox 244 2511 336 2578; x_wconf 89' lang='lat' dir='ltr'><strong>elem.</strong></span> <span class='ocrx_word' id='word_1_136' title='bbox 365 2509 415 2590; x_wconf 92' lang='grc' dir='ltr'><strong>ΙΙ,</strong></span> <span class='ocrx_word' id='word_1_137' title='bbox 446 2512 486 2571; x_wconf 78' lang='grc'><strong>25</strong></span> <span class='ocrx_word' id='word_1_138' title='bbox 515 2510 658 2574; x_wconf 88' lang='lat' dir='ltr'><strong>collectis</strong></span> <span class='ocrx_word' id='word_1_139' title='bbox 691 2516 723 2575; x_wconf 91' lang='lat' dir='ltr'><strong>et</strong></span> <span class='ocrx_word' id='word_1_140' title='bbox 758 2510 914 2593; x_wconf 85' lang='lat' dir='ltr'><strong>exemplis</strong></span> <span class='ocrx_word' id='word_1_141' title='bbox 941 2509 1105 2575; x_wconf 89' lang='lat' dir='ltr'><strong>nonnullis</strong></span> <span class='ocrx_word' id='word_1_142' title='bbox 1137 2512 1368 2581; x_wconf 87' lang='lat' dir='ltr'><strong>invalescentis</strong></span> 
     </span>
     <span class='ocr_line' id='line_1_20' title="bbox 243 2603 1368 2693; baseline 0.005 -21"><span class='ocrx_word' id='word_1_143' title='bbox 243 2609 305 2674; x_wconf 90' lang='lat' dir='ltr'><strong>iam</strong></span> <span class='ocrx_word' id='word_1_144' title='bbox 329 2613 407 2672; x_wconf 90' lang='grc'><strong>5545</strong></span> <span class='ocrx_word' id='word_1_145' title='bbox 421 2605 588 2671; x_wconf 82' lang='lat' dir='ltr'><strong>Euclidem</strong></span> <span class='ocrx_word' id='word_1_146' title='bbox 610 2606 765 2690; x_wconf 91' lang='lat' dir='ltr'><strong>simplicis</strong></span> <span class='ocrx_word' id='word_1_147' title='bbox 786 2630 805 2669; x_wconf 89' lang='lat' dir='ltr'><em>v</em></span> <span class='ocrx_word' id='word_1_148' title='bbox 829 2606 1006 2689; x_wconf 86' lang='lat' dir='ltr'><strong>scripturae</strong></span> <span class='ocrx_word' id='word_1_149' title='bbox 1028 2603 1240 2674; x_wconf 87' lang='lat' dir='ltr'><strong>confirmatur.</strong></span> <span class='ocrx_word' id='word_1_150' title='bbox 1284 2630 1368 2693; x_wconf 90' lang='lat' dir='ltr'><strong>quae</strong></span> 
     </span>
     <span class='ocr_line' id='line_1_21' title="bbox 243 2703 1367 2789; baseline 0 -17"><span class='ocrx_word' id='word_1_151' title='bbox 243 2712 356 2789; x_wconf 92' lang='lat' dir='ltr'><strong>postea</strong></span> <span class='ocrx_word' id='word_1_152' title='bbox 378 2704 480 2785; x_wconf 84' lang='lat' dir='ltr'><strong>magis</strong></span> <span class='ocrx_word' id='word_1_153' title='bbox 503 2703 599 2768; x_wconf 91' lang='lat' dir='ltr'><strong>etiam</strong></span> <span class='ocrx_word' id='word_1_154' title='bbox 616 2709 647 2768; x_wconf 90' lang='lat' dir='ltr'><strong>et</strong></span> <span class='ocrx_word' id='word_1_155' title='bbox 667 2704 713 2769; x_wconf 90' lang='lat' dir='ltr'><strong>ita</strong></span> <span class='ocrx_word' id='word_1_156' title='bbox 735 2704 925 2787; x_wconf 79' lang='lat' dir='ltr'><strong>pervolgata</strong></span> <span class='ocrx_word' id='word_1_157' title='bbox 947 2711 1003 2785; x_wconf 89' lang='grc'><strong>554,</strong></span> <span class='ocrx_word' id='word_1_158' title='bbox 1028 2711 1062 2769; x_wconf 86' lang='grc'><strong>54</strong></span> <span class='ocrx_word' id='word_1_159' title='bbox 1083 2705 1146 2787; x_wconf 92' lang='lat' dir='ltr'><strong>ipsi</strong></span> <span class='ocrx_word' id='word_1_160' title='bbox 1167 2709 1367 2789; x_wconf 84' lang='lat' dir='ltr'><strong>grammatici</strong></span> 
     </span>
     <span class='ocr_line' id='line_1_22' title="bbox 243 2800 1367 2885; baseline 0.003 -18"><span class='ocrx_word' id='word_1_161' title='bbox 243 2802 441 2883; x_wconf 87' lang='lat' dir='ltr'><strong>dubitarent,</strong></span> <span class='ocrx_word' id='word_1_162' title='bbox 465 2806 568 2864; x_wconf 90' lang='lat' dir='ltr'><strong>utrum</strong></span> <span class='ocrx_word' id='word_1_163' title='bbox 591 2825 624 2864; x_wconf 85' lang='grc' dir='ltr'><strong>υι</strong></span> <span class='ocrx_word' id='word_1_164' title='bbox 647 2820 689 2865; x_wconf 96' lang='grc'><strong>55</strong></span> <span class='ocrx_word' id='word_1_165' title='bbox 712 2825 730 2865; x_wconf 92' lang='lat' dir='ltr'><em>v</em></span> <span class='ocrx_word' id='word_1_166' title='bbox 753 2800 925 2866; x_wconf 89' lang='lat' dir='ltr'><strong>scribenda</strong></span> <span class='ocrx_word' id='word_1_167' title='bbox 946 2807 1040 2883; x_wconf 89' lang='lat' dir='ltr'><strong>esset,</strong></span> <span class='ocrx_word' id='word_1_168' title='bbox 1062 2809 1160 2885; x_wconf 88' lang='lat' dir='ltr'><strong>utque</strong></span> <span class='ocrx_word' id='word_1_169' title='bbox 1180 2803 1214 2868; x_wconf 92' lang='lat' dir='ltr'><strong>in</strong></span> <span class='ocrx_word' id='word_1_170' title='bbox 1237 2805 1367 2870; x_wconf 92' lang='lat' dir='ltr'><strong>Homeri</strong></span> 
     </span>
     <span class='ocr_line' id='line_1_23' title="bbox 242 2895 1366 2981; baseline 0.002 -16"><span class='ocrx_word' id='word_1_171' title='bbox 242 2897 437 2965; x_wconf 88' lang='lat' dir='ltr'><strong>carminibus</strong></span> <span class='ocrx_word' id='word_1_172' title='bbox 468 2895 526 2981; x_wconf 82' lang='grc' dir='ltr'><strong>δύη</strong></span> <span class='ocrx_word' id='word_1_173' title='bbox 556 2898 716 2981; x_wconf 88' lang='lat' dir='ltr'><strong>optativus</strong></span> <span class='ocrx_word' id='word_1_174' title='bbox 739 2919 759 2961; x_wconf 88' lang='grc' dir='ltr'>σ</span> <span class='ocrx_word' id='word_1_175' title='bbox 782 2900 844 2963; x_wconf 91' lang='grc'><strong>348</strong></span> <span class='ocrx_word' id='word_1_176' title='bbox 867 2904 900 2962; x_wconf 88' lang='grc'><strong>54</strong></span> <span class='ocrx_word' id='word_1_177' title='bbox 920 2922 939 2960; x_wconf 88' lang='lat' dir='ltr'><em>v</em></span> <span class='ocrx_word' id='word_1_178' title='bbox 962 2898 1080 2963; x_wconf 79' lang='grc'><strong>38615</strong></span> <span class='ocrx_word' id='word_1_179' title='bbox 1103 2899 1250 2966; x_wconf 89' lang='lat' dir='ltr'><strong>omnibus</strong></span> <span class='ocrx_word' id='word_1_180' title='bbox 1275 2902 1366 2968; x_wconf 87' lang='lat' dir='ltr'><strong>libris</strong></span> 
     </span>
     <span class='ocr_line' id='line_1_24' title="bbox 241 2994 1366 3078; baseline 0 -15"><span class='ocrx_word' id='word_1_181' title='bbox 241 2996 442 3076; x_wconf 87' lang='lat' dir='ltr'><strong>scriberetur,</strong></span> <span class='ocrx_word' id='word_1_182' title='bbox 470 2994 558 3060; x_wconf 90' lang='lat' dir='ltr'><strong>unde</strong></span> <span class='ocrx_word' id='word_1_183' title='bbox 580 2995 676 3060; x_wconf 90' lang='lat' dir='ltr'><strong>etiam</strong></span> <span class='ocrx_word' id='word_1_184' title='bbox 704 2994 924 3078; x_wconf 86' lang='lat' dir='ltr'><strong>interpolator,</strong></span> <span class='ocrx_word' id='word_1_185' title='bbox 952 2994 1006 3075; x_wconf 93' lang='lat' dir='ltr'><strong>qui</strong></span> <span class='ocrx_word' id='word_1_186' title='bbox 1027 3014 1139 3061; x_wconf 87' lang='lat' dir='ltr'><strong>versus</strong></span> <span class='ocrx_word' id='word_1_187' title='bbox 1165 3000 1199 3059; x_wconf 86' lang='grc' dir='ltr'><strong>ΙΙ</strong></span> <span class='ocrx_word' id='word_1_188' title='bbox 1218 3000 1366 3063; x_wconf 85' lang='grc'><strong>97-100</strong></span> 
     </span>
    </p>
   </div>
   <div class='ocr_carea' id='block_1_6' title="bbox 244 3149 448 3160">
    <p class='ocr_par' dir='ltr' id='par_1_6' title="bbox 244 3149 448 3160">
     <span class='ocr_line' id='line_1_25' title="bbox 244 3149 448 3160; baseline -0.015 0"><span class='ocrx_word' id='word_1_189' title='bbox 244 3149 448 3160; x_wconf 80' lang='grc'><em>...-.--.-</em></span> 
     </span>
    </p>
   </div>
   <div class='ocr_carea' id='block_1_7' title="bbox 239 3226 1382 4406">
    <p class='ocr_par' dir='ltr' id='par_1_7' title="bbox 239 3226 1365 3540">
     <span class='ocr_line' id='line_1_26' title="bbox 309 3226 1364 3297; baseline -0.003 -13"><span class='ocrx_word' id='word_1_190' title='bbox 309 3232 344 3296; x_wconf 81' lang='lat'><strong>²³)</strong></span> <span class='ocrx_word' id='word_1_191' title='bbox 368 3230 440 3284; x_wconf 88' lang='lat' dir='ltr'><strong>hunc</strong></span> <span class='ocrx_word' id='word_1_192' title='bbox 464 3228 571 3283; x_wconf 87' lang='lat' dir='ltr'><strong>titulum</strong></span> <span class='ocrx_word' id='word_1_193' title='bbox 594 3226 689 3297; x_wconf 87' lang='lat' dir='ltr'><strong>paucis</strong></span> <span class='ocrx_word' id='word_1_194' title='bbox 707 3226 786 3281; x_wconf 89' lang='lat' dir='ltr'><strong>annis</strong></span> <span class='ocrx_word' id='word_1_195' title='bbox 809 3227 931 3295; x_wconf 77' lang='grc'><strong>555401.</strong></span> <span class='ocrx_word' id='word_1_196' title='bbox 950 3232 991 3288; x_wconf 84' lang='grc'><strong>94,</strong></span> <span class='ocrx_word' id='word_1_197' title='bbox 1011 3237 1024 3277; x_wconf 84' lang='grc'><strong>5</strong></span> <span class='ocrx_word' id='word_1_198' title='bbox 1050 3231 1189 3281; x_wconf 85' lang='lat' dir='ltr'><strong>exaratum</strong></span> <span class='ocrx_word' id='word_1_199' title='bbox 1213 3242 1273 3282; x_wconf 89' lang='lat' dir='ltr'><strong>esse</strong></span> <span class='ocrx_word' id='word_1_200' title='bbox 1296 3229 1364 3282; x_wconf 89' lang='lat' dir='ltr'><strong>scri·</strong></span> 
     </span>
     <span class='ocr_line' id='line_1_27' title="bbox 240 3307 1365 3380; baseline -0.004 -15"><span class='ocrx_word' id='word_1_201' title='bbox 240 3317 322 3380; x_wconf 88' lang='lat' dir='ltr'><strong>ptura</strong></span> <span class='ocrx_word' id='word_1_202' title='bbox 348 3310 407 3365; x_wconf 90' lang='lat' dir='ltr'><strong>eius</strong></span> <span class='ocrx_word' id='word_1_203' title='bbox 434 3308 585 3364; x_wconf 91' lang='lat' dir='ltr'><strong>certissimo</strong></span> <span class='ocrx_word' id='word_1_204' title='bbox 608 3307 762 3363; x_wconf 89' lang='lat' dir='ltr'><strong>testimonio</strong></span> <span class='ocrx_word' id='word_1_205' title='bbox 786 3313 837 3361; x_wconf 89' lang='lat' dir='ltr'><strong>est.</strong></span> <span class='ocrx_word' id='word_1_206' title='bbox 872 3313 962 3362; x_wconf 89' lang='lat' dir='ltr'><strong>tamen</strong></span> <span class='ocrx_word' id='word_1_207' title='bbox 985 3323 1017 3363; x_wconf 92' lang='lat' dir='ltr'><strong>eo</strong></span> <span class='ocrx_word' id='word_1_208' title='bbox 1041 3308 1093 3362; x_wconf 91' lang='lat' dir='ltr'><strong>hoc</strong></span> <span class='ocrx_word' id='word_1_209' title='bbox 1117 3308 1178 3361; x_wconf 90' lang='lat' dir='ltr'><strong>loco</strong></span> <span class='ocrx_word' id='word_1_210' title='bbox 1201 3323 1267 3361; x_wconf 86' lang='lat' dir='ltr'><strong>usus</strong></span> <span class='ocrx_word' id='word_1_211' title='bbox 1295 3323 1365 3371; x_wconf 90' lang='lat' dir='ltr'><strong>sum,</strong></span> 
     </span>
     <span class='ocr_line' id='line_1_28' title="bbox 240 3387 1364 3461; baseline -0.003 -15"><span class='ocrx_word' id='word_1_212' title='bbox 240 3392 305 3461; x_wconf 88' lang='lat' dir='ltr'><strong>quia</strong></span> <span class='ocrx_word' id='word_1_213' title='bbox 321 3406 410 3459; x_wconf 87' lang='lat' dir='ltr'><strong>neque</strong></span> <span class='ocrx_word' id='word_1_214' title='bbox 430 3406 555 3458; x_wconf 85' lang='lat' dir='ltr'><strong>magnum</strong></span> <span class='ocrx_word' id='word_1_215' title='bbox 579 3404 639 3445; x_wconf 87' lang='lat' dir='ltr'><strong>esse</strong></span> <span class='ocrx_word' id='word_1_216' title='bbox 662 3392 753 3457; x_wconf 85' lang='lat' dir='ltr'><strong>potest</strong></span> <span class='ocrx_word' id='word_1_217' title='bbox 777 3388 920 3443; x_wconf 86' lang='lat' dir='ltr'><strong>discrimen</strong></span> <span class='ocrx_word' id='word_1_218' title='bbox 940 3388 1037 3444; x_wconf 88' lang='lat' dir='ltr'><strong>aetatis</strong></span> <span class='ocrx_word' id='word_1_219' title='bbox 1061 3394 1096 3454; x_wconf 80' lang='grc'><strong>45.</strong></span> <span class='ocrx_word' id='word_1_220' title='bbox 1112 3387 1312 3442; x_wconf 87' lang='lat' dir='ltr'><strong>Kirchhoifium</strong></span> <span class='ocrx_word' id='word_1_221' title='bbox 1328 3388 1364 3443; x_wconf 88' lang='lat' dir='ltr'><strong>ad</strong></span> 
     </span>
     <span class='ocr_line' id='line_1_29' title="bbox 239 3468 1091 3540; baseline -0.002 -15"><span class='ocrx_word' id='word_1_222' title='bbox 239 3472 256 3525; x_wconf 92' lang='lat' dir='ltr'><strong>l.</strong></span> <span class='ocrx_word' id='word_1_223' title='bbox 273 3472 303 3539; x_wconf 84' lang='lat' dir='ltr'><strong>l.)</strong></span> <span class='ocrx_word' id='word_1_224' title='bbox 321 3486 409 3540; x_wconf 87' lang='lat' dir='ltr'><strong>neque</strong></span> <span class='ocrx_word' id='word_1_225' title='bbox 425 3471 513 3526; x_wconf 89' lang='lat' dir='ltr'><strong>habeo</strong></span> <span class='ocrx_word' id='word_1_226' title='bbox 532 3470 604 3525; x_wconf 92' lang='lat' dir='ltr'><strong>aliud</strong></span> <span class='ocrx_word' id='word_1_227' title='bbox 621 3469 773 3537; x_wconf 84' lang='lat' dir='ltr'><strong>exemplum</strong></span> <span class='ocrx_word' id='word_1_228' title='bbox 790 3470 941 3539; x_wconf 85' lang='lat' dir='ltr'><strong>scripturae</strong></span> <span class='ocrx_word' id='word_1_229' title='bbox 959 3468 1091 3540; x_wconf 83' lang='grc' dir='ltr'><strong>τρίττοια.</strong></span> 
     </span>
    </p>

    <p class='ocr_par' dir='ltr' id='par_1_8' title="bbox 239 3548 1382 4340">
     <span class='ocr_line' id='line_1_30' title="bbox 309 3548 1364 3618; baseline -0.002 -13"><span class='ocrx_word' id='word_1_230' title='bbox 309 3554 343 3618; x_wconf 81' lang='lat'><strong>²⁴)</strong></span> <span class='ocrx_word' id='word_1_231' title='bbox 361 3552 416 3605; x_wconf 86' lang='lat' dir='ltr'><strong>alia</strong></span> <span class='ocrx_word' id='word_1_232' title='bbox 434 3554 475 3606; x_wconf 90' lang='lat' dir='ltr'><strong>est</strong></span> <span class='ocrx_word' id='word_1_233' title='bbox 493 3549 595 3604; x_wconf 88' lang='lat' dir='ltr'><strong>dehac</strong></span> <span class='ocrx_word' id='word_1_234' title='bbox 613 3564 642 3603; x_wconf 91' lang='lat' dir='ltr'><strong>re</strong></span> <span class='ocrx_word' id='word_1_235' title='bbox 660 3550 794 3605; x_wconf 89' lang='lat' dir='ltr'><strong>sententia</strong></span> <span class='ocrx_word' id='word_1_236' title='bbox 813 3549 935 3612; x_wconf 81' lang='lat' dir='ltr'><strong>Curtii,</strong></span> <span class='ocrx_word' id='word_1_237' title='bbox 954 3548 1030 3604; x_wconf 88' lang='lat' dir='ltr'><strong>Stud.</strong></span> <span class='ocrx_word' id='word_1_238' title='bbox 1049 3551 1074 3617; x_wconf 93' lang='lat' dir='ltr'><strong>l,</strong></span> <span class='ocrx_word' id='word_1_239' title='bbox 1093 3553 1117 3617; x_wconf 79' lang='lat'><strong>2,</strong></span> <span class='ocrx_word' id='word_1_240' title='bbox 1138 3558 1195 3615; x_wconf 75' lang='grc'><strong>555,</strong></span> <span class='ocrx_word' id='word_1_241' title='bbox 1220 3549 1266 3617; x_wconf 85' lang='lat' dir='ltr'><strong>qui</strong></span> <span class='ocrx_word' id='word_1_242' title='bbox 1283 3548 1364 3603; x_wconf 90' lang='lat' dir='ltr'><strong>etiam</strong></span> 
     </span>
     <span class='ocr_line' id='line_1_31' title="bbox 241 3626 1365 3701; baseline -0.001 -17"><span class='ocrx_word' id='word_1_243' title='bbox 241 3651 267 3684; x_wconf 83' lang='grc' dir='ltr'><strong>υι</strong></span> <span class='ocrx_word' id='word_1_244' title='bbox 284 3631 482 3701; x_wconf 83' lang='lat' dir='ltr'><strong>diphthongum</strong></span> <span class='ocrx_word' id='word_1_245' title='bbox 505 3629 533 3683; x_wconf 91' lang='lat' dir='ltr'><strong>in</strong></span> <span class='ocrx_word' id='word_1_246' title='bbox 556 3649 570 3681; x_wconf 84' lang='grc' dir='ltr'><strong><em>υ</em></strong></span> <span class='ocrx_word' id='word_1_247' title='bbox 594 3630 769 3684; x_wconf 85' lang='lat' dir='ltr'><strong>constrictam</strong></span> <span class='ocrx_word' id='word_1_248' title='bbox 793 3645 852 3685; x_wconf 91' lang='lat' dir='ltr'><strong>esse</strong></span> <span class='ocrx_word' id='word_1_249' title='bbox 875 3636 954 3699; x_wconf 90' lang='lat' dir='ltr'><strong>putat</strong></span> <span class='ocrx_word' id='word_1_250' title='bbox 978 3630 1102 3700; x_wconf 83' lang='lat' dir='ltr'><strong>exemplo</strong></span> <span class='ocrx_word' id='word_1_251' title='bbox 1126 3629 1209 3684; x_wconf 86' lang='lat' dir='ltr'><strong>allato</strong></span> <span class='ocrx_word' id='word_1_252' title='bbox 1234 3626 1298 3686; x_wconf 76' lang='grc' dir='ltr'><strong>υἱός.</strong></span> <span class='ocrx_word' id='word_1_253' title='bbox 1334 3633 1365 3683; x_wconf 87' lang='grc'><strong>54</strong></span> 
     </span>
     <span class='ocr_line' id='line_1_32' title="bbox 239 3709 1363 3782; baseline -0.002 -16"><span class='ocrx_word' id='word_1_254' title='bbox 239 3712 357 3782; x_wconf 89' lang='lat' dir='ltr'><strong>primum</strong></span> <span class='ocrx_word' id='word_1_255' title='bbox 374 3727 424 3780; x_wconf 88' lang='lat' dir='ltr'><strong>per</strong></span> <span class='ocrx_word' id='word_1_256' title='bbox 442 3726 471 3765; x_wconf 89' lang='lat' dir='ltr'><strong>se</strong></span> <span class='ocrx_word' id='word_1_257' title='bbox 488 3710 543 3763; x_wconf 85' lang='lat' dir='ltr'><strong>reri</strong></span> <span class='ocrx_word' id='word_1_258' title='bbox 560 3709 646 3765; x_wconf 89' lang='lat' dir='ltr'><strong>simile</strong></span> <span class='ocrx_word' id='word_1_259' title='bbox 668 3714 710 3765; x_wconf 89' lang='lat' dir='ltr'><strong>est</strong></span> <span class='ocrx_word' id='word_1_260' title='bbox 726 3709 845 3763; x_wconf 88' lang='lat' dir='ltr'><strong>diversas</strong></span> <span class='ocrx_word' id='word_1_261' title='bbox 863 3726 923 3765; x_wconf 88' lang='lat' dir='ltr'><strong>esse</strong></span> <span class='ocrx_word' id='word_1_262' title='bbox 940 3714 1054 3766; x_wconf 88' lang='lat' dir='ltr'><strong>naturas</strong></span> <span class='ocrx_word' id='word_1_263' title='bbox 1072 3724 1165 3765; x_wconf 90' lang='lat' dir='ltr'><strong>earum</strong></span> <span class='ocrx_word' id='word_1_264' title='bbox 1183 3709 1363 3779; x_wconf 85' lang='lat' dir='ltr'><strong>diphthongo·</strong></span> 
     </span>
     <span class='ocr_line' id='line_1_33' title="bbox 240 3789 1363 3860; baseline -0.003 -14"><span class='ocrx_word' id='word_1_265' title='bbox 240 3808 309 3857; x_wconf 91' lang='lat' dir='ltr'><strong>rum,</strong></span> <span class='ocrx_word' id='word_1_266' title='bbox 328 3806 443 3859; x_wconf 87' lang='lat' dir='ltr'><strong>quarum</strong></span> <span class='ocrx_word' id='word_1_267' title='bbox 461 3790 547 3844; x_wconf 85' lang='lat' dir='ltr'><strong>altera</strong></span> <span class='ocrx_word' id='word_1_268' title='bbox 564 3805 581 3843; x_wconf 89' lang='grc'><strong>5</strong></span> <span class='ocrx_word' id='word_1_269' title='bbox 598 3790 686 3845; x_wconf 82' lang='lat' dir='ltr'><strong>vocali</strong></span> <span class='ocrx_word' id='word_1_270' title='bbox 703 3791 777 3855; x_wconf 83' lang='lat' dir='ltr'><strong>dura,</strong></span> <span class='ocrx_word' id='word_1_271' title='bbox 798 3790 884 3845; x_wconf 89' lang='lat' dir='ltr'><strong>altera</strong></span> <span class='ocrx_word' id='word_1_272' title='bbox 902 3806 919 3845; x_wconf 97' lang='lat' dir='ltr'><strong>a</strong></span> <span class='ocrx_word' id='word_1_273' title='bbox 935 3792 1009 3846; x_wconf 91' lang='lat' dir='ltr'><strong>molli</strong></span> <span class='ocrx_word' id='word_1_274' title='bbox 1026 3791 1146 3860; x_wconf 88' lang='lat' dir='ltr'><strong>incipiat.</strong></span> <span class='ocrx_word' id='word_1_275' title='bbox 1181 3789 1277 3843; x_wconf 90' lang='lat' dir='ltr'><strong>deinde</strong></span> <span class='ocrx_word' id='word_1_276' title='bbox 1294 3805 1363 3857; x_wconf 86' lang='lat' dir='ltr'><strong>quae</strong></span> 
     </span>
     <span class='ocr_line' id='line_1_34' title="bbox 240 3868 1363 3941; baseline -0.003 -14"><span class='ocrx_word' id='word_1_277' title='bbox 240 3872 365 3941; x_wconf 86' lang='lat' dir='ltr'><strong>exempla</strong></span> <span class='ocrx_word' id='word_1_278' title='bbox 381 3886 398 3925; x_wconf 92' lang='lat' dir='ltr'><strong>a</strong></span> <span class='ocrx_word' id='word_1_279' title='bbox 415 3871 551 3925; x_wconf 85' lang='lat' dir='ltr'><strong>veteribus</strong></span> <span class='ocrx_word' id='word_1_280' title='bbox 569 3886 630 3925; x_wconf 88' lang='lat' dir='ltr'><strong>cum</strong></span> <span class='ocrx_word' id='word_1_281' title='bbox 648 3868 695 3928; x_wconf 76' lang='grc' dir='ltr'><strong>ὑός</strong></span> <span class='ocrx_word' id='word_1_282' title='bbox 713 3870 920 3938; x_wconf 81' lang='lat' dir='ltr'><strong>coniunguntur,</strong></span> <span class='ocrx_word' id='word_1_283' title='bbox 944 3871 1035 3926; x_wconf 90' lang='lat' dir='ltr'><strong>omnia</strong></span> <span class='ocrx_word' id='word_1_284' title='bbox 1051 3872 1159 3939; x_wconf 83' lang='lat' dir='ltr'><strong>longam</strong></span> <span class='ocrx_word' id='word_1_285' title='bbox 1176 3869 1278 3924; x_wconf 90' lang='lat' dir='ltr'><strong>habent</strong></span> <span class='ocrx_word' id='word_1_286' title='bbox 1295 3889 1311 3921; x_wconf 86' lang='lat' dir='ltr'><em>v</em></span> <span class='ocrx_word' id='word_1_287' title='bbox 1329 3884 1363 3924; x_wconf 80' lang='lat' dir='ltr'><strong>ex</strong></span> 
     </span>
     <span class='ocr_line' id='line_1_35' title="bbox 240 3948 1362 4020; baseline -0.001 -17"><span class='ocrx_word' id='word_1_288' title='bbox 240 3970 266 4003; x_wconf 80' lang='lat' dir='ltr'><strong>vc</strong></span> <span class='ocrx_word' id='word_1_289' title='bbox 284 3951 401 4016; x_wconf 75' lang='lat' dir='ltr'><strong>lucam,</strong></span> <span class='ocrx_word' id='word_1_290' title='bbox 426 3956 457 4004; x_wconf 86' lang='lat' dir='ltr'><strong>ut</strong></span> <span class='ocrx_word' id='word_1_291' title='bbox 472 3954 540 4020; x_wconf 81' lang='grc' dir='ltr'><strong>μῦα,</strong></span> <span class='ocrx_word' id='word_1_292' title='bbox 566 3948 690 4014; x_wconf 59' lang='lat' dir='ltr'><strong>lavanca,</strong></span> <span class='ocrx_word' id='word_1_293' title='bbox 714 3951 846 4017; x_wconf 75' lang='grc' dir='ltr'><strong>τετυᾳῦα.</strong></span> <span class='ocrx_word' id='word_1_294' title='bbox 881 3966 968 4020; x_wconf 85' lang='lat' dir='ltr'><strong>neque</strong></span> <span class='ocrx_word' id='word_1_295' title='bbox 986 3951 1056 4005; x_wconf 87' lang='lat' dir='ltr'><strong>enim</strong></span> <span class='ocrx_word' id='word_1_296' title='bbox 1074 3951 1176 4015; x_wconf 75' lang='lat' dir='ltr'><strong>obstat,</strong></span> <span class='ocrx_word' id='word_1_297' title='bbox 1200 3949 1272 4018; x_wconf 91' lang='lat' dir='ltr'><strong>quod</strong></span> <span class='ocrx_word' id='word_1_298' title='bbox 1289 3950 1362 4017; x_wconf 81' lang='lat' dir='ltr'><strong>apud</strong></span> 
     </span>
     <span class='ocr_line' id='line_1_36' title="bbox 239 4030 1362 4099; baseline -0.004 -14"><span class='ocrx_word' id='word_1_299' title='bbox 239 4031 386 4086; x_wconf 86' lang='lat' dir='ltr'><strong>Homerum</strong></span> <span class='ocrx_word' id='word_1_300' title='bbox 403 4049 431 4082; x_wconf 76' lang='lat' dir='ltr'><strong>vt</strong></span> <span class='ocrx_word' id='word_1_301' title='bbox 449 4035 512 4085; x_wconf 88' lang='lat' dir='ltr'><strong>ante</strong></span> <span class='ocrx_word' id='word_1_302' title='bbox 529 4032 635 4085; x_wconf 85' lang='lat' dir='ltr'><strong>vocales</strong></span> <span class='ocrx_word' id='word_1_303' title='bbox 653 4046 854 4098; x_wconf 85' lang='lat' dir='ltr'><strong>nonnumquam</strong></span> <span class='ocrx_word' id='word_1_304' title='bbox 872 4032 1026 4099; x_wconf 87' lang='lat' dir='ltr'><strong>corripitur.</strong></span> <span class='ocrx_word' id='word_1_305' title='bbox 1052 4046 1114 4084; x_wconf 89' lang='lat' dir='ltr'><strong>nam</strong></span> <span class='ocrx_word' id='word_1_306' title='bbox 1132 4030 1204 4084; x_wconf 87' lang='lat' dir='ltr'><strong>idem</strong></span> <span class='ocrx_word' id='word_1_307' title='bbox 1220 4030 1362 4096; x_wconf 88' lang='lat' dir='ltr'><strong>patiuntur</strong></span> 
     </span>
     <span class='ocr_line' id='line_1_37' title="bbox 239 4110 1382 4179; baseline -0.006 -14"><span class='ocrx_word' id='word_1_308' title='bbox 239 4112 319 4166; x_wconf 87' lang='lat' dir='ltr'><strong>etiarn</strong></span> <span class='ocrx_word' id='word_1_309' title='bbox 346 4111 418 4165; x_wconf 90' lang='lat' dir='ltr'><strong>aliae</strong></span> <span class='ocrx_word' id='word_1_310' title='bbox 442 4111 539 4179; x_wconf 83' lang='lat' dir='ltr'><strong>longae</strong></span> <span class='ocrx_word' id='word_1_311' title='bbox 561 4111 667 4165; x_wconf 85' lang='lat' dir='ltr'><strong>vocales</strong></span> <span class='ocrx_word' id='word_1_312' title='bbox 686 4116 713 4164; x_wconf 93' lang='lat' dir='ltr'><strong>et</strong></span> <span class='ocrx_word' id='word_1_313' title='bbox 731 4110 889 4179; x_wconf 80' lang='lat' dir='ltr'><strong>diphthongi</strong></span> <span class='ocrx_word' id='word_1_314' title='bbox 906 4126 961 4165; x_wconf 92' lang='lat' dir='ltr'><strong>non</strong></span> <span class='ocrx_word' id='word_1_315' title='bbox 978 4112 1006 4164; x_wconf 92' lang='grc'><strong>15</strong></span> <span class='ocrx_word' id='word_1_316' title='bbox 1025 4128 1035 4162; x_wconf 81' lang='grc' dir='ltr'>ι</span> <span class='ocrx_word' id='word_1_317' title='bbox 1052 4114 1194 4174; x_wconf 85' lang='lat' dir='ltr'><strong>exeuntes,</strong></span> <span class='ocrx_word' id='word_1_318' title='bbox 1222 4112 1252 4161; x_wconf 92' lang='lat' dir='ltr'><strong>ut</strong></span> <span class='ocrx_word' id='word_1_319' title='bbox 1275 4113 1293 4174; x_wconf 78' lang='grc' dir='ltr'><em>β</em></span> <span class='ocrx_word' id='word_1_320' title='bbox 1315 4113 1382 4160; x_wconf 83' lang='grc'><strong>135.</strong></span> 
     </span>
     <span class='ocr_line' id='line_1_38' title="bbox 241 4187 1360 4261; baseline -0.002 -19"><span class='ocrx_word' id='word_1_321' title='bbox 241 4189 313 4244; x_wconf 79' lang='lat' dir='ltr'><strong>ciacc</strong></span> <span class='ocrx_word' id='word_1_322' title='bbox 332 4187 523 4261; x_wconf 78' lang='grc' dir='ltr'><strong>ἀπερχομένη,</strong></span> <span class='ocrx_word' id='word_1_323' title='bbox 546 4194 574 4243; x_wconf 88' lang='grc' dir='ltr'><em>Β</em></span> <span class='ocrx_word' id='word_1_324' title='bbox 592 4196 639 4245; x_wconf 77' lang='lat'><strong>261</strong></span> <span class='ocrx_word' id='word_1_325' title='bbox 660 4188 683 4243; x_wconf 76' lang='lat' dir='ltr'><strong>ci</strong></span> <span class='ocrx_word' id='word_1_326' title='bbox 699 4189 737 4260; x_wconf 77' lang='grc' dir='ltr'><strong>μὴ</strong></span> <span class='ocrx_word' id='word_1_327' title='bbox 756 4187 811 4259; x_wconf 78' lang='grc' dir='ltr'><strong>ἐγώ</strong></span> <span class='ocrx_word' id='word_1_328' title='bbox 831 4208 868 4244; x_wconf 83' lang='grc' dir='ltr'><strong>σε.</strong></span> <span class='ocrx_word' id='word_1_329' title='bbox 904 4191 978 4260; x_wconf 81' lang='lat' dir='ltr'><strong>apud</strong></span> <span class='ocrx_word' id='word_1_330' title='bbox 998 4190 1163 4260; x_wconf 80' lang='lat' dir='ltr'><strong>posteriores</strong></span> <span class='ocrx_word' id='word_1_331' title='bbox 1181 4203 1243 4243; x_wconf 84' lang='lat' dir='ltr'><strong>vero</strong></span> <span class='ocrx_word' id='word_1_332' title='bbox 1265 4191 1360 4256; x_wconf 85' lang='lat' dir='ltr'><strong>poetas</strong></span> 
     </span>
     <span class='ocr_line' id='line_1_39' title="bbox 239 4270 1176 4340; baseline -0.002 -17"><span class='ocrx_word' id='word_1_333' title='bbox 239 4291 266 4324; x_wconf 81' lang='grc' dir='ltr'><strong>υι</strong></span> <span class='ocrx_word' id='word_1_334' title='bbox 282 4286 395 4327; x_wconf 86' lang='lat' dir='ltr'><strong>munere</strong></span> <span class='ocrx_word' id='word_1_335' title='bbox 413 4271 502 4326; x_wconf 86' lang='lat' dir='ltr'><strong>brevis</strong></span> <span class='ocrx_word' id='word_1_336' title='bbox 519 4271 620 4325; x_wconf 79' lang='lat' dir='ltr'><strong>vocalis</strong></span> <span class='ocrx_word' id='word_1_337' title='bbox 636 4270 773 4339; x_wconf 82' lang='lat' dir='ltr'><strong>fungentis</strong></span> <span class='ocrx_word' id='word_1_338' title='bbox 790 4270 894 4326; x_wconf 89' lang='lat' dir='ltr'><strong>nullum</strong></span> <span class='ocrx_word' id='word_1_339' title='bbox 912 4272 1064 4340; x_wconf 85' lang='lat' dir='ltr'><strong>exemplum</strong></span> <span class='ocrx_word' id='word_1_340' title='bbox 1081 4270 1176 4337; x_wconf 87' lang='lat' dir='ltr'><strong>reperi.</strong></span> 
     </span>
    </p>

    <p class='ocr_par' dir='ltr' id='par_1_9' title="bbox 1105 4355 1156 4406">
     <span class='ocr_line' id='line_1_40' title="bbox 1105 4355 1156 4406; baseline 0.02 -1"><span class='ocrx_word' id='word_1_341' title='bbox 1105 4355 1156 4406; x_wconf 79' lang='grc'><strong>18*</strong></span> 
     </span>
    </p>
   </div>
   <div class='ocr_carea' id='block_1_8' title="bbox 0 0 1792 5334">
    <p class='ocr_par' dir='ltr' id='par_1_10' title="bbox 0 0 1792 5334">
     <span class='ocr_line' id='line_1_41' title="bbox 0 0 1792 5334; baseline 0 3"><span class='ocrx_word' id='word_1_342' title='bbox 0 0 1792 5334; x_wconf 95' lang='lat' dir='ltr'><strong> </strong></span> 
     </span>
    </p>
   </div>
  </div>
 </body>
</html>
