3575 5334
644 653 677 708 de
695 653 810 709 dialecto
828 654 1092 716 Atticavetustiore.
1127 656 1149 710 I.
1397 652 1455 715 291

332 848 415 911 quae
448 847 519 893 oum
551 846 590 892 ea
622 826 679 907 sit,
717 833 751 891 ut
779 827 978 909 singularum
1007 827 1171 892 literarum
1200 834 1232 893 et
1261 827 1459 911 syllabarum

332 945 430 992 sonus
454 945 517 989 non
541 944 671 1009 prorsus
692 932 839 990 accurate
868 926 903 989 in
931 923 1041 1007 lapide
1064 924 1270 1007 exprimatur,
1298 926 1458 991 interdum

332 1023 443 1103 elficit,
474 1029 508 1087 ut
535 1022 621 1105 prior
649 1022 705 1086 illa
734 1022 939 1104 neglegentia
968 1020 1197 1105 pronuntiandi
1220 1023 1329 1089 oculos
1351 1025 1459 1105 legen-

330 1120 410 1185 tium
433 1120 542 1185 lateat.
588 1139 683 1200 quam
706 1119 835 1184 obrem
860 1119 973 1183 'mirari
995 1138 1060 1182 non
1082 1138 1266 1201 possumus,
1297 1120 1382 1202 quod
1410 1142 1460 1186 as·

330 1217 494 1284 simulatio
517 1223 673 1282 certarum
696 1216 950 1296 consonantium,
974 1216 1103 1297 quaein
1119 1216 1284 1282 vocabulis
1299 1218 1460 1284 sententia

331 1314 476 1381 conexis.
493 1314 732 1397 pronuntiando
755 1333 881 1396 semper
906 1314 992 1377 facta
1014 1332 1085 1379 esse
1107 1312 1269 1379 credenda
1292 1320 1356 1393 est,
1385 1315 1461 1379 scri·

331 1412 439 1478 hendo
469 1410 602 1476 totidem
631 1412 697 1475 fero
725 1411 803 1475 locis
833 1410 1022 1492 exprimitur
1051 1418 1147 1492 atque
1176 1424 1241 1475 non
1264 1411 1459 1494 exprimitur.

331 1528 437 1591 neque
460 1509 554 1574 aliter
576 1527 610 1574 se
633 1509 769 1590 hahent,
800 1508 841 1573 de
864 1509 979 1589 quihus
1008 1508 1210 1591 supradixi,
1240 1510 1390 1592 exempla
1411 1529 1461 1574 as-

331 1606 544 1672 simulationis
566 1606 651 1671 intra
672 1605 800 1688 singula
822 1604 981 1670 vocabula
1003 1605 1150 1672 omissae.

418 1733 447 1792 2.
492 1728 616 1794 Eadem
652 1730 733 1795 ratio
769 1729 802 1792 in
838 1728 953 1793 hiatu
989 1728 1176 1793 adhihenda
1207 1735 1271 1809 est,
1309 1729 1363 1811 qui
1400 1730 1459 1796 etsi

331 1833 448 1892 natura
470 1847 565 1909 quam
588 1828 736 1892 maxime.
749 1826 875 1891 alienus
898 1832 947 1890 est
968 1846 989 1889 a
1010 1824 1175 1890 eeleritate
1197 1832 1229 1890 et
1255 1826 1462 1908 neglegentia

331 1923 611 2007 pronuntiationis,
634 1931 742 1989 tamen
765 1944 830 1987 non
853 1942 925 1987 raro
940 1922 972 1985 in
989 1922 1248 2005 inscriptionibus
1271 1921 1461 1989 admittitur.
1534 1955 1537 1960 ·

331 2029 457 2087 etcum
481 2020 596 2103 triplici
619 2021 714 2086 modo
737 2021 843 2085 hiatus
866 2019 980 2085 evitari
1003 2021 1113 2102 possit,
1140 2020 1239 2100 crasi,
1263 2000 1412 2102 elisidne,
1443 2046 1460 2082 ν
1498 2006 1520 2034 ’

331 2120 542 2202 paragogica,
576 2137 617 2183 ex
650 2118 700 2183 his
729 2117 863 2183 duarum
893 2116 1032 2200 priorum
1066 2116 1100 2179 in
1130 2115 1231 2179 titulis
1259 2116 1373 2182 Atticis
1405 2118 1461 2183 ad·

331 2215 462 2280 modum
478 2235 593 2299 parcus
609 2222 657 2281 est
670 2236 756 2282 usus.
794 2214 880 2297 quod
897 2213 937 2279 de
952 2213 1059 2278 crasi
1074 2212 1138 2277 iam
1154 2232 1251 2294 supra
1267 2216 1310 2295 (p.
1327 2216 1389 2277 266
1400 2219 1459 2295 sq.)
1530 2250 1533 2256 ·

331 2313 595 2392 commemoravi,
633 2333 704 2377 cum
743 2313 783 2377 de
813 2313 937 2377 ratione
974 2311 1133 2374 vocalium
1168 2310 1460 2375 contrahendarum

331 2430 472 2492 agerem.
516 2410 709 2475 elisionis
738 2410 903 2491 aliquanto
933 2409 1026 2490 plura
1048 2413 1121 2471 sunt
1144 2406 1309 2489 exempla,
1339 2406 1397 2471 scd
1420 2428 1483 2496 ne*
1548 2414 1551 2419 '

331 2507 412 2573 haec
446 2507 575 2590 quidem
608 2508 675 2571 ullo
705 2507 800 2572 modo
829 2524 997 2570 numerum
1026 2523 1134 2570 eorum
1167 2505 1394 2587 aequiparant,
1427 2506 1461 2570 in

331 2604 447 2687 quibus
471 2603 578 2669 hiatus
600 2604 769 2669 scribendo
792 2610 878 2669 certe
900 2623 965 2666 non
996 2601 1134 2667 evitatus
1163 2601 1213 2667 sit.
1265 2622 1330 2666 non
1351 2610 1461 2667 tamen

331 2719 451 2784 operae
474 2699 610 2783 pretium
627 2721 698 2767 esse
719 2701 831 2785 putavi
846 2699 1011 2781 utriusque
1031 2698 1160 2781 generis
1182 2699 1290 2764 omnia
1312 2700 1462 2782 exempla

331 2797 500 2880 colligere,
524 2818 604 2880 opus
626 2820 691 2864 non
714 2806 779 2878 tam
803 2796 932 2863 difficile
955 2817 1051 2878 quam
1073 2797 1259 2878 molestum,
1289 2795 1376 2862 unde
1397 2817 1463 2860 non

332 2894 504 2979 sperabam
534 2916 684 2978 umquam
714 2915 905 2979 quemquam
939 2893 1112 2976 quidquam
1146 2893 1265 2959 fructus
1297 2892 1462 2977 percipere
1505 2967 1507 2970 ¹
1589 2932 1591 2936 ,

331 3011 437 3076 posse.
483 2992 540 3057 se'd
564 3011 605 3057 ne
628 2994 698 3075 quis
721 2993 932 3077 lapicidarum
958 2990 1134 3056 Atticorum
1157 2990 1333 3074 patientiae
1354 2989 1461 3055 hiatus

331 3087 496 3155 scribendi
527 3089 659 3154 nimium
690 3110 742 3156 me
770 3090 920 3155 tribuisse
948 3087 1161 3169 existimaret,
1190 3085 1346 3169 adscripsi
1368 3084 1478 3149 doou··

331 3193 442 3252 menta
471 3186 565 3253 huius
587 3187 640 3252 ¹rei
668 3206 709 3252 ex
733 3189 856 3254 duobus
884 3183 984 3249 titulis
1007 3183 1180 3248 maioribus
1202 3182 1354 3265 repetita,
1384 3180 1461 3243 32A

332 3290 365 3349 et
388 3288 447 3348 40:

419 3377 460 3443 τὰ
491 3371 691 3464 ὀφειλόμενα
715 3380 807 3461 32Α,
831 3390 854 3443 3.
883 3391 908 3442 8.
951 3384 991 3463 τῇ
1016 3370 1186 3462 Ἀθηναίᾳ
1208 3389 1231 3439 3.
1277 3367 1353 3451 dig
1375 3387 1399 3436 5.
1439 3369 1461 3438 d

333 3476 404 3541 ἔστι
426 3488 450 3539 6.
489 3475 530 3541 τὰ
553 3474 588 3542 ἐκ
609 3491 632 3539 1.
672 3472 725 3539 καὶ
749 3473 990 3560 ἒξαλειφόνῑων
1016 3488 1052 3537 lt.
1090 3474 1143 3538 καὶ
1168 3472 1199 3537 οἱ
1224 3486 1260 3536 13.
1298 3468 1400 3536 καὶεί
1422 3485 1460 3535 13.

332 3576 387 3640 καὶ
411 3572 467 3639 ἐάν
490 3586 529 3636 16.
559 3571 614 3639 καὶ
637 3569 669 3637 ἐν
692 3585 732 3634 tt.
754 3609 797 3618 —
820 3572 855 3637 δὲ
878 3566 947 3637 ἀπό
970 3587 993 3636 5.
1024 3570 1064 3663 ph
1087 3595 1123 3635 τε
1145 3564 1299 3653 ἀργύριον
1321 3582 1360 3633 11.
1394 3572 1460 3640 τῶν

332 3696 368 3737 τε
392 3667 497 3735 ὄντων
520 3683 558 3733 15.
603 3668 740 3748 ἐπειδὰν
764 3670 799 3733 δὲ
823 3666 1054 3751 ἀποδεδομένα
1075 3683 1115 3731 311.
1144 3704 1186 3714 -
1214 3687 1340 3733 arascos
1362 3687 1461 3730 unum

332 3770 517 3853 exemplum
541 3777 589 3834 est
610 3763 715 3832 τᾶλλα
737 3778 761 3843 6,
786 3766 929 3832 elisionis
951 3771 1157 3831 καθέκαστον
1180 3778 1218 3828 11.
1228 3766 1272 3842 ³⁰).

403 4004 436 4069 ³⁰)
455 4002 534 4058 omisi
551 4002 637 4067 enim,
662 4000 734 4070 quod
751 4017 775 4055 v.
797 4005 828 4054 14
847 4006 950 4063 exstat,
974 3998 1109 4067 καθάπερ,
1130 3999 1263 4067 quiahoc
1281 3999 1361 4053 unius
1379 4013 1460 4052 voca·

331 4086 390 4140 buli
407 4086 469 4140 loeo
488 4083 644 4137 habendum
662 4088 711 4138 est.
746 4097 814 4136 nere
832 4081 1025 4148 desiderentur,
1050 4082 1073 4135 si
1091 4095 1160 4149 quae
1177 4085 1241 4133 sunt
1257 4079 1286 4131 in
1302 4079 1356 4133 hoc
1371 4077 1461 4143 titulo,

331 4187 347 4215 v
364 4164 546 4235 paragogicae
564 4164 679 4219 omissae
704 4164 840 4231 exempla;
863 4178 925 4216 nam
947 4163 1000 4216 boc
1022 4177 1108 4230 genus
1131 4160 1221 4213 hiatus
1238 4174 1293 4213 non
1310 4157 1345 4211 ad
1362 4157 1461 4211 cresim

331 4251 379 4301 aut
397 4245 539 4301 elisionem
557 4244 681 4312 pertinet.

1204 4324 1257 4375 19*
