3575 5334
649 696 682 750 de
699 695 814 750 dialecto
832 694 988 751 herodotea.
1320 695 1381 757 201

256 868 367 935 formis
389 866 653 952 obstupefactum,
681 867 784 950 magis
806 868 910 933 ionice
933 868 994 934 sibi
1016 868 1154 935 scribere
1177 870 1284 936 visum.
1302 890 1383 953 esse,

256 968 281 1034 ai
303 971 462 1051 χρέονται
485 966 505 1029 1.
528 984 555 1031 6.
578 965 737 1030 vocalium
765 989 801 1031 eo
831 966 1088 1048 conjunctionem
1117 966 1321 1052 restituisset,
1349 969 1384 1033 id

256 1064 342 1149 quod
364 1064 407 1132 ab
429 1062 581 1128 universa
602 1061 699 1144 hujus
721 1062 840 1129 codicis
861 1064 986 1130 ratione
1008 1064 1149 1129 alienum
1171 1083 1237 1129 non
1258 1073 1308 1131 est
1333 1066 1384 1143 (ci.

257 1163 357 1229 Stein.
380 1160 482 1245 praei.
505 1159 657 1235 XXXII).
702 1160 793 1226 Idem
816 1161 850 1225 in
872 1161 980 1227 verbis
1002 1160 1171 1227 contractis
1198 1162 1232 1225 in
1258 1185 1308 1225 αω
1331 1182 1385 1229 ex-

256 1261 408 1327 euntibus
429 1257 514 1340 iecit,
536 1277 607 1322 cum
628 1259 855 1339 grammaticus
869 1259 926 1324 ille
941 1279 1006 1324 non
1025 1258 1172 1324 indoctus
1194 1259 1264 1325 sine
1287 1260 1385 1327 dubio

256 1359 352 1442 hujus
381 1357 553 1422 formarum
583 1357 725 1439 generis,
760 1354 845 1438 quod
876 1356 947 1439 jam
975 1358 1008 1421 in
1037 1356 1216 1438 antiquiore
1244 1357 1384 1424 Ionismo

257 1456 387 1521 obvium
415 1461 529 1537 postea
558 1454 661 1537 magis
691 1454 857 1537 magisque
885 1474 922 1520 se
943 1454 1140 1520 extendebat
1167 1454 1386 1539 latissimeque

256 1554 402 1639 patebat,
424 1552 605 1618 meminerit
625 1587 667 1599 -
690 1550 761 1617 dieo
783 1551 903 1617 formas
924 1552 1094 1617 verborum
1115 1553 1149 1617 in
1171 1576 1221 1616 αω
1245 1573 1286 1619 ex
1307 1574 1385 1619 ana·

256 1653 346 1737 logia
372 1649 542 1716 verborum
571 1650 605 1713 in
634 1672 679 1713 εω
709 1648 871 1715 formatas.
918 1648 1074 1728 Quocirca
1107 1650 1226 1717 codicis
1255 1650 1288 1712 P
1311 1652 1386 1717 seri-

257 1760 371 1836 pturae
387 1769 459 1833 'per
481 1771 529 1827 ao,
561 1745 622 1812 nisi
651 1753 827 1812 ceterorum
851 1765 978 1829 quoque
999 1747 1097 1810 ABR
1125 1748 1308 1815 testimonio
1337 1748 1386 1815 lir-

258 1856 400 1929 mantur,
435 1866 501 1911 non
533 1863 592 1928 pro
624 1844 786 1911 veteribus
818 1845 985 1928 archetypi
1018 1846 1199 1930 scripturis,
1236 1846 1294 1913 sed
1326 1868 1386 1930 pro

259 1945 459 2031 grammatici
481 1941 648 2026 cujusdam
670 1942 857 2009 correcturis
879 1942 1051 2008 habendae
1073 1951 1156 2009 sunt.

343 2042 466 2110 Similis
488 2040 674 2107 correctoris
691 2039 718 2104 C
736 2040 817 2105 ratio
841 2045 890 2105 est
912 2040 962 2113 (ci.
979 2040 1080 2106 Stein.
1102 2041 1202 2123 praef.
1221 2061 1251 2124 p.
1268 2042 1384 2123 XXV),

260 2142 316 2209 sed
349 2140 508 2207 accedunt
540 2140 613 2204 alia.
658 2144 809 2222 χρέωμαι
836 2140 1002 2220 χρέωνται
1030 2137 1148 2203 similia
1175 2144 1302 2204 veteres
1334 2140 1384 2216 (cl.

260 2242 349 2306 llust.
371 2238 415 2304 ad
441 2241 475 2301 Ψ
501 2238 574 2311 834)
604 2254 645 2301 ex
670 2238 804 2318 χρῶμαι
829 2235 977 2318 χρῶνται
1007 2259 1022 2299 ε
1053 2234 1249 2317 pleonastice
1273 2235 1385 2302 addito

260 2347 330 2403 orta
352 2355 424 2402 csse
445 2335 613 2419 putabant,
637 2332 727 2415 cujus
750 2331 864 2397 erroris
887 2333 1027 2398 nebulae
1048 2351 1090 2397 ne
1104 2331 1193 2415 apud
1214 2332 1386 2400 bodiemos

259 2434 388 2519 quidem
411 2434 498 2498 viros
524 2431 635 2497 doetus
662 2431 790 2513 penitus
813 2428 989 2514 dissipatae
1010 2433 1134 2505 sunt.⁴⁰)
1179 2431 1293 2513 Itaque
1314 2450 1386 2496 cum

257 2539 409 2617 χρέωμαι
441 2536 571 2595 ¹exstare
608 2526 733 2592 videret
768 2535 927 2593 corrector
962 2528 989 2593 C
1015 2530 1155 2611 itemque
1190 2528 1387 2612 perspiceret

260 2646 499 2710 nonnumquam
514 2649 564 2689 αω
581 2630 633 2702 (ω)
648 2625 682 2689 in
698 2648 742 2689 εω
764 2626 891 2707 mutari,
914 2626 1006 2692 finxit
1027 2627 1146 2693 formas
1161 2626 1249 2692 velut
1271 2622 1386 2711 ὥρεων

260 2760 301 2781 --
322 2723 451 2811 boues,
481 2720 593 2808 ὥρων,
624 2746 669 2788 au
697 2742 738 2788 ex
766 2746 793 2786 ω
823 2722 987 2790 diductum
1014 2725 1055 2790 ab
1084 2725 1217 2790 Ionibus
1244 2724 1386 2807 cujusvis

258 2825 347 2892 attici
381 2848 407 2887 ω
439 2824 511 2888 1666
544 2821 620 2905 poni
652 2839 747 2903 posse
779 2829 878 2887 ratus.
923 2824 996 2889 Tali
1028 2821 1124 2887 modo
1156 2823 1277 2890 formae
1308 2823 1387 2889 illae

259 2927 489 3008 καταρέωνται
511 2919 609 2999 1139,
633 2914 786 3000 ἀρέωμαι
808 2917 858 2983 ΙΙΙ
879 2924 931 3001 65,
955 2926 1159 3002 κοιμέωνται
1181 2922 1213 2986 ΙΙ
1235 2926 1286 3002 95,
1310 2919 1387 2987 ἐπι-

259 3025 462 3104 κοιμέωνται
484 3016 530 3081 IV
556 3019 625 3097 172,
648 3020 791 3096 τιμέωσι
813 3016 846 3080 ΙΙ
869 3020 920 3099 511,
943 3017 1152 3100 elucubratior
1176 3020 1203 3083 V
1226 3022 1277 3099 20,
1300 3040 1387 3101 προ·

259 3124 441 3201 τιμέωντες
464 3115 497 3179 II
520 3117 571 3196 37,
594 3117 777 3194 τιμέωντες
800 3113 827 3176 V
851 3116 902 3193 67,
933 3113 1168 3180 δαπανέωνται
1192 3123 1280 3180 ortae
1301 3122 1384 3195 sunt,

250 3236 342 3299 quae
357 3235 379 3280 a
398 3212 547 3296 genuinis
568 3215 721 3294 χρέωμαι
739 3217 905 3293 χρέωνται
927 3218 994 3276 toto
1017 3213 1108 3279 eaelo
1130 3220 1205 3277 sunt
1228 3211 1385 3294 diversae,

259 3333 339 3397 quas
368 3312 430 3378 sibi
458 3309 593 3392 quisque
620 3308 716 3373 facile
744 3326 785 3373 ex
814 3311 982 3374 verborum
1011 3310 1159 3391 catalogo
1187 3328 1208 3374 a
1235 3327 1287 3374 me
1315 3327 1386 3391 pro·

259 3410 364 3493 posito
397 3407 549 3489 colligere
581 3412 698 3489 potest.
731 3440 773 3451 -—
806 3404 961 3484 Quocirca
988 3408 1017 3472 si
1042 3407 1140 3469 ABR
1167 3406 1286 3477 formas
1313 3426 1386 3472 con-

260 3514 394 3583 tractas,
430 3503 486 3568 ΟΡ
514 3500 632 3570 formas
659 3503 712 3567 vel
742 3522 800 3586 per
822 3526 858 3567 ac
882 3503 935 3568 vel
961 3523 1018 3587 per
1041 3528 1086 3569 εω
1116 3510 1203 3582 (nam
1226 3504 1288 3570 hae
1309 3525 1387 3570 non·

259 3623 434 3686 numquam
458 3602 555 3668 etiam
576 3603 610 3665 in
633 3601 715 3666 alios
737 3599 807 3665 cod.
830 3601 1038 3683 irrepserunt)
1061 3603 1197 3685 scriptas
1219 3603 1386 3685 praebent,

261 3702 409 3767 dubitare
431 3700 487 3763 vix
507 3698 599 3781 licet,
626 3699 702 3780 quin
725 3698 920 3783 archetypus
941 3700 1060 3765 formas
1082 3707 1260 3767 contractas
1282 3708 1388 3766 osten·

287 3949 307 3989 s:
329 3936 363 4000 ⁴⁰)
383 3934 423 3988 Cf.
435 3934 595 3989 Bredcvium
604 3950 630 4002 p.
641 3938 690 3988 384
705 3931 852 3987 miserrime
865 3934 1068 4000 Buttmannum,
1087 3935 1134 4005 qui
1151 3940 1183 3989 ut
1200 3950 1282 4004 saepe
1296 3949 1388 3989 verum

262 4016 342 4084 vidit,
364 4021 579 4084 oppugnantem,
606 4020 633 4069 st
656 4013 779 4067 Xulmeri
802 4029 842 4081 gr.
865 4030 906 4081 gr.
923 4015 950 4067 12
970 4030 997 4083 p.
1018 4020 1068 4070 603
1086 4022 1143 4070 not.
1162 4016 1211 4081 611,
1234 4031 1261 4083 p.
1281 4019 1344 4079 666,
1362 4020 1386 4069 5.

259 4098 386 4167 χρέωμαι
409 4093 466 4149 aine
490 4094 572 4149 dubio
595 4110 628 4149 ex
649 4093 792 4163 *χρῆομαι
811 4098 939 4164 χρᾶομαι
961 4101 1051 4149 ortum
1073 4099 1128 4161 est,
1152 4109 1207 4162 qua
1230 4093 1265 4147 de
1287 4108 1317 4147 re
1333 4093 1387 4148 alio

262 4177 320 4233 1666
348 4176 451 4245 (licam,
481 4174 526 4229 hic
551 4175 696 4230 admonere
721 4173 823 4230 sufflet
850 4177 878 4230 in
901 4180 1028 4245 χρᾶομαι
1054 4179 1086 4229 ut
1107 4176 1136 4227 in
1163 4160 1268 4226 uredo
1292 4163 1386 4239 111ψᾶ61

262 4258 382 4328 priorem
399 4255 521 4311 vocalem
536 4256 658 4325 longam,
676 4256 761 4311 ineis
779 4257 880 4323 verbis,
905 4256 939 4311 (lc
956 4257 1055 4324 quibus
1072 4270 1145 4309 nunc
1163 4252 1261 4322 agitur,
1279 4253 1387 4309 brevem

263 4340 352 4410 itaque
370 4342 458 4394 totam
475 4335 608 4391 rationem
626 4335 758 4391 dirermm
776 4350 842 4390 esse.
