3575 5334
643 716 675 790 de
694 717 809 773 dialecto
826 717 920 772 Attica
938 716 1091 773 vetustiore.
1127 717 1148 770 I.
1397 714 1455 778 281

332 884 479 972 ἄνδρα,
508 882 798 973 metanoeam,
829 884 933 965 ἁπό,
955 881 1093 965 οόιός,
1124 886 1180 964 ἑκ,
1212 886 1267 965 ἓν,
1292 887 1378 965 o‘rtt,
1402 886 1459 966 ἐς,

331 980 526 1064 Εόδικος,
562 979 804 1069 ὀφθαλμός,
839 987 959 1070 quippe
989 1005 1072 1068 quae
1099 987 1133 1050 in
1163 987 1232 1052 sola
1259 986 1370 1051 tabula
1396 990 1459 1051 324

332 1091 469 1150 exstent.

420 1185 448 1246 2.
493 1181 705 1264 Aspiratio
735 1182 1046 1247 consonantium
1072 1182 1395 1265 explosivarum‚
1425 1183 1459 1247 in

332 1299 397 1361 qua
426 1283 494 1344 tota
523 1285 668 1345 versatur
690 1278 843 1344 Roscheri
872 1277 1071 1361 dissertatio,
1102 1279 1148 1345 eis
1170 1280 1296 1361 legibus
1318 1287 1350 1347 et
1371 1280 1459 1363 apud

331 1375 454 1441 Atticos
483 1383 515 1441 et
544 1376 631 1458 apud
659 1381 782 1442 ceteros
805 1377 946 1442 Graecos
976 1377 1213 1459 circumscripta
1234 1377 1308 1457 fuit,
1337 1384 1372 1442 ut
1393 1378 1460 1442 lore

331 1474 365 1537 in
389 1474 467 1539 solis
488 1471 590 1538 literis
613 1472 761 1539 tenuibus
782 1473 922 1539 maxime
943 1482 1009 1539 tum
1033 1473 1131 1553 fieret,
1154 1494 1224 1539 cum
1247 1482 1303 1539 aut
1324 1475 1461 1540 sibilans

332 1571 385 1637 vel
408 1570 531 1636 nasalis
552 1569 758 1637 antecederet
785 1578 841 1635 aut
868 1571 992 1653 liquida
1020 1572 1072 1637 vel
1102 1572 1236 1637 sibilans
1262 1579 1458 1655 sequeretur,

331 1689 397 1733 non
421 1673 529 1733 tamen
551 1667 612 1750 ita,
643 1673 677 1732 ut
698 1687 719 1732 a
740 1667 875 1750 singulis
903 1669 1005 1745 literis
1033 1670 1182 1735 tenuibus
1210 1688 1269 1752 per
1290 1689 1325 1735 se
1348 1670 1461 1754 positis

332 1785 464 1849 prorsus
491 1765 599 1831 aliena
627 1772 722 1830 esset.
772 1765 832 1831 has
861 1767 990 1849 regulas
1020 1767 1167 1849 exposuit
1184 1774 1229 1832 et
1261 1766 1462 1832 confirmarit

333 1862 512 1945 Curtius,
549 1862 661 1929 Grdz.³
689 1868 751 1928 455
767 1882 836 1946 sqq.
865 1865 1016 1946 exempla
1045 1871 1077 1929 et
1104 1865 1287 1931 testimonia
1314 1872 1458 1931 veterum

332 1961 610 2043 grammaticorum
626 1959 871 2043 diligentissime
893 1959 1023 2042 collegit
1037 1960 1279 2043 Roscberus,
1303 1964 1461 2027 nonnulla

333 2059 430 2124 etiam
453 2057 735 2123 Weckleinius
764 2078 794 2140 p.
818 2061 858 2121 42
875 2077 922 2139 sq.
952 2056 1028 2121 mibi
1056 2058 1090 2121 in
1119 2057 1180 2123 hac
1208 2077 1244 2123 re
1265 2059 1347 2123 nihil
1369 2059 1460 2124 aliud

333 2154 572 2239 suscipiendum
607 2160 656 2221 est
685 2155 748 2220 nisi
782 2160 816 2219 ut
851 2174 955 2238 pauca
983 2154 1148 2237 exempla,
1184 2174 1266 2235 quae
1294 2155 1327 2219 in
1357 2157 1460 2222 titulis

333 2252 449 2319 Atticis
471 2253 696 2319 vetustioribus
719 2258 854 2334 exstent,
877 2250 1068 2317 adscribam.

417 2353 575 2432 θοηχοῦ
599 2352 698 2429 3222,
721 2360 760 2414 79.
785 2361 823 2413 95.
847 2352 943 2430 3240,
966 2360 1006 2413 62.
1050 2347 1192 2433 θοηκόοι
1213 2384 1256 2394 -
1276 2348 1374 2431 ἱερεῖς
1397 2351 1461 2417 He-

332 2446 471 2531 sychius.
515 2446 608 2512 latet
623 2447 657 2511 in
679 2445 739 2511 hoc
762 2446 919 2511 vocabulo
946 2451 1052 2524 (otios
1073 2445 1184 2529 radix,
1214 2445 1254 2511 de'
1277 2467 1340 2529 qua
1362 2448 1459 2514 etiam

332 2540 499 2619 θυοσκόος
522 2543 699 2609 derivatum
723 2548 781 2609 est.
827 2542 865 2608 cf.
889 2542 1001 2609 Gurdz.3
1027 2549 1086 2608 144
1101 2564 1147 2625 sq.
1171 2546 1299 2628 θοηχοῦ
1327 2546 1461 2628 scriptu-

332 2662 399 2707 ram
433 2641 591 2707 immerito
619 2641 653 2705 in
682 2641 913 2706 dubitationem
942 2647 1089 2706 vocatam
1123 2661 1194 2707 esse
1214 2648 1308 2708 recte
1341 2642 1461 2708 iudicat

332 2738 562 2804 Weckleinius.
610 2787 612 2792 -
1477 2740 1479 2743 ’
1543 2813 1548 2822 Ι

416 2832 569 2915 χάλχας
601 2838 699 2916 324ο,
728 2848 768 2900 50.
809 2832 931 2917 χάλκας
963 2838 1059 2918 324ο,
1094 2849 1132 2900 35.
1167 2848 1206 2901 es.
1240 2850 1280 2901 55.
1324 2838 1461 2921 pristina

331 2934 434 3003 forma
455 2932 514 2997 fuit
535 2928 634 3017 κάλχη
658 2931 707 3010 (cf.
724 2933 919 3017 Hesychium
936 2952 961 2997 s.
976 2953 1007 2997 v,
1023 2939 1055 2999 et
1070 2931 1222 3015 Curtium,
1246 2934 1359 2999 Grdz.3
1378 2939 1459 3012 145).

331 3030 407 3097 inde
422 3111 424 3117 Ι
440 3029 637 3113 aspiratione
665 3053 683 3094 κ
711 3030 823 3096 literae
856 3030 974 3094 factum
1006 3048 1078 3095 esse
1103 3024 1221 3112 χόλχη,
1257 3030 1317 3095 hoc
1352 3038 1458 3098 autem

332 3128 429 3194 solita
460 3126 547 3210 apud
581 3126 721 3193 Graecos
753 3127 966 3209 aspiratarum
1001 3125 1256 3192 dissimulatione
1288 3126 1322 3192 in
1356 3125 1458 3212 χάλκη

332 3230 488 3290 mutatum
526 3243 597 3290 esse
633 3224 841 3308 probabiliter
878 3223 1025 3306 exposuit
1060 3224 1239 3288 Roscherus
1275 3224 1297 3287 l.
1330 3225 1353 3289 l.
1389 3230 1458 3291 101.

331 3342 428 3406 quam
458 3321 498 3398 ob
527 3340 595 3387 rem
623 3318 721 3405 κόλχη
751 3329 783 3387 et
810 3318 927 3405 χόλκη,
961 3321 1021 3385 etsi
1056 3327 1223 3401 utrumque
1254 3340 1320 3384 non
1349 3312 1458 3403 saepe,

331 3427 442 3486 tamen
471 3418 541 3501 pari
562 3419 630 3485 iure
652 3426 859 3503 usurpantur,
889 3417 997 3483 media
1018 3423 1125 3482 autem
1147 3417 1250 3483 forma
1274 3415 1374 3501 χόλχη
1397 3419 1460 3485 nisi

331 3519 402 3582 loco
426 3514 523 3581 modo
545 3516 646 3582 allato
669 3517 798 3581 omnino
821 3536 980 3598 nusquam
1002 3522 1115 3581 exstat.
1146 3514 1215 3598 ‘qui
1238 3517 1388 3597 quoniam
1412 3523 1460 3582 est
1549 3582 1553 3589 ,

331 3615 364 3679 in
386 3613 500 3680 tabula
517 3616 588 3695 324,
612 3620 679 3680 tota
701 3613 782 3678 haec
796 3614 951 3679 Roscheri
966 3612 1137 3698 explicatio
1159 3613 1286 3678 nonita
1306 3633 1458 3695 magnam

331 3712 474 3793 speciem
497 3709 641 3777 veritatis
663 3709 813 3791 haberet,
843 3711 905 3775 nisi
927 3710 1094 3777 accederet
1116 3709 1279 3775 simillima
1301 3711 1382 3776 ratio
1404 3732 1460 3776 no-

331 3807 438 3889 minis,
462 3806 547 3889 quod
569 3807 720 3888 sequitur.
1028 3861 1034 3868 .
1427 3881 1429 3883 ¹

417 3902 704 3988 Καλχηδόνιοι
720 3907 792 3983 230,
809 3903 863 3968 rrb.
888 3907 959 3986 240,
972 3914 1010 3968 35.
1036 3907 1107 3985 242,
1123 3916 1162 3968 23.
1186 3907 1258 3986 243,
1273 3918 1310 3969 ιι.
1334 3909 1459 3986 247,15.

333 4005 405 4083 258,
429 4013 453 4065 2.
484 4000 577 4065 Χαλ-
594 4004 665 4082 235,
688 4012 713 4065 2.
735 4036 778 4046 -
799 3998 1022 4085 Καλχηδόνιοι
1045 4004 1116 4080 238,
1138 4013 1163 4065 9.
1188 4004 1259 4084 239,
1285 4013 1320 4065 ¹8.
1346 4004 1417 4082 259,
1433 4016 1459 4065 4.

332 4102 403 4162 Κα-
430 4101 569 4180 229,.14.
614 4095 787 4181 -χηόόοιοι
807 4101 879 4180 235,
904 4102 954 4181 71,
983 4112 1008 4163 4.
1051 4096 1235 4182 Χαλκηδών
1264 4104 1297 4162 et
1324 4096 1459 4181 Χαλκη-

334 4194 450 4274 δόνιοι,
475 4215 668 4277 quamquam
690 4196 902 4279 primigeniae
925 4194 1045 4260 formae
1067 4195 1210 4277 fuissent,
1233 4202 1351 4276 tamen,
1374 4202 1459 4278 post-

332 4314 427 4375 quam
458 4293 682 4375 antiquissima
703 4299 811 4366 aetate
833 4293 866 4356 in
888 4290 1087 4373 Χολχηδώο,
1117 4292 1193 4359 inde
1221 4292 1255 4356 in
1278 4289 1459 4376 Καλχηδών
