3575 5334
432 688 494 749 344
928 689 1075 744 Bechstein

516 862 693 926 Verborum
728 858 812 923 enim
850 880 985 942 magnus
1018 882 1168 929 numerus
1201 862 1356 929 dividitur
1392 865 1427 929 in
1459 866 1554 931 verba

431 959 594 1044 primitiva
616 966 648 1024 et
663 957 915 1037 denominativa,
939 978 1071 1040 quorum
1086 960 1145 1025 illa
1167 980 1208 1027 ex
1228 961 1300 1043 ipsa
1321 960 1432 1027 radice
1452 962 1552 1043 ducta,

429 1059 510 1124 baec
532 1078 552 1121 a
574 1056 702 1121 nomine
725 1054 864 1136 quodam
894 1055 1041 1120 derivata
1069 1062 1153 1123 sunt.
1204 1058 1258 1123 Sic
1283 1059 1418 1124 verbum
1432 1046 1553 1142 'repere

429 1155 473 1220 ad
494 1154 563 1219 rad.
585 1176 656 1236 rep,
689 1173 772 1235 quae
794 1151 951 1234 reperitur
973 1153 1006 1216 in
1028 1174 1092 1215 rec
1119 1158 1189 1237 (pro
1211 1158 1338 1238 rep-s),
1363 1176 1550 1238 rep-rrc-ca

428 1255 549 1336 rep-im
582 1253 640 1318 sed
676 1251 810 1317 verbum
843 1271 979 1332 reynero
1013 1250 1056 1315 ad
1090 1273 1218 1334 reprcunt
1253 1259 1303 1326 (st.
1336 1257 1469 1336 repca)
1502 1274 1551 1318 no-

428 1371 502 1416 men
525 1351 673 1433 pertinet.
721 1350 783 1412 llla
807 1347 902 1428 igitur
929 1348 1069 1429 nomina,
1093 1368 1177 1430 quae
1198 1351 1442 1434 participiorum
1469 1371 1551 1417 more

428 1448 565 1513 formata
598 1447 640 1511 ad
669 1447 769 1511 verba
802 1444 964 1528 primitiva
995 1446 1028 1509 in
1060 1446 1171 1528 lingna
1203 1448 1306 1514 latina
1338 1469 1404 1513 non
1438 1449 1551 1514 usitata

427 1550 584 1628 spectant,
608 1545 669 1608 hac
692 1544 920 1625 prioreparte,
943 1543 1047 1607 altera
1067 1564 1106 1608 ea
1120 1546 1252 1610 nomina
1265 1553 1452 1626 tractentur,
1475 1565 1550 1629 quae

428 1664 448 1707 a
470 1642 652 1707 nominibus
683 1641 828 1706 derivata
851 1640 1090 1722 participiorum
1119 1641 1163 1706 ad
1184 1644 1284 1708 verba
1313 1643 1549 1709 denominativa
1572 1695 1574 1700 .

428 1741 658 1824 pertinentium
681 1740 821 1821 speciem
845 1739 1011 1819 praebent.

513 1838 552 1901 In
575 1837 712 1919 priorem
734 1837 846 1901 horum
864 1836 1028 1900 nominum
1044 1836 1180 1900 classem
1203 1857 1306 1921 pauca
1328 1837 1459 1920 quidem
1482 1846 1549 1903 sunt

427 1935 613 2016 referenda,
643 1955 750 2000 eorum
774 1952 850 1998 vero
880 1933 1036 1998 nonnulla
1061 1953 1163 2015 eaque
1185 1955 1249 1998 non
1271 1935 1443 2016 inusitata,
1473 1954 1561 2017 quae

426 2033 619 2117 etymologis
647 2040 778 2115 proptor
801 2031 948 2113 originis,
978 2031 1064 2097 unde
1087 2031 1183 2097 ducta
1205 2038 1295 2113 suut,
1326 2032 1547 2099 obscuritatem

425 2132 544 2196 multas
566 2130 703 2195 afferunt
725 2128 942 2194 difficultates.

512 2228 577 2293 Sed
606 2229 789 2311 priusquam
821 2226 861 2291 de
891 2226 1050 2291 formandi
1077 2228 1202 2292 ratione
1226 2227 1351 2310 aliquid
1372 2230 1546 2312 conjiciam,

425 2326 553 2408 singula
569 2325 727 2390 vocabula
749 2324 937 2388 nominatim
961 2344 1155 2405 recenseam,
1180 2344 1275 2405 quum
1297 2326 1331 2389 in
1354 2346 1413 2391 suo
1430 2345 1547 2409 quoque

427 2425 497 2488 loco
521 2443 603 2505 quae
627 2423 666 2487 de
690 2442 798 2487 eorum
821 2422 945 2504 origine
967 2422 1149 2504 conjectata
1171 2430 1245 2487 sunt
1265 2430 1430 2490 annotem.

513 2526 558 2585 Ac
580 2521 682 2602 primo
698 2519 825 2601 quidem
842 2521 913 2585 loco
936 2519 1088 2604 ponenda
1110 2525 1184 2584 sunt
1200 2519 1263 2585 duo
1278 2523 1450 2604 vocabula,
1473 2541 1547 2605 quae

426 2618 487 2683 nisi
503 2618 598 2682 fallor
614 2618 656 2678 od
671 2617 796 2679 verbum
811 2618 1034 2681 substantivum
1050 2618 1221 2700 pertinent.
1255 2617 1336 2683 Sunt
1355 2620 1442 2684 enim
1458 2621 1546 2686 haec:

510 2736 598 2786 sores,
634 2715 740 2775 insons
774 2715 794 2777 i.
825 2734 851 2780 e.
885 2716 1014 2795 noxius,
1049 2715 1214 2798 innoxius,
1248 2736 1268 2781 a
1301 2727 1392 2779 sont·
1425 2718 1547 2782 ductum

427 2818 475 2878 est
506 2810 610 2877 suffixi
642 2813 690 2873 ico
724 2831 801 2894 ope,
834 2815 981 2879 scoticos.
1029 2813 1091 2886 (De
1123 2813 1271 2878 vocabuli
1303 2835 1378 2877 sons
1410 2817 1548 2880 nomina·

426 2912 492 2974 tivo
515 2929 561 2991 sg.
586 2908 684 2972 dubio
708 2910 746 2973 of.
770 2910 871 2991 Neue,
894 2909 1041 2974 formenl.
1064 2910 1130 2989 ΙΙΙ,
1152 2931 1183 2992 p.
1201 2914 1269 2986 85.)
1309 2911 1379 2989 Quo
1403 2914 1438 2977 in
1461 2934 1548 2979 voca·

425 3009 501 3072 bulo
524 3007 766 3089 interpretando
788 3008 821 3071 in
845 3026 952 3071 eorum
977 3013 1083 3089 partes
1105 3007 1262 3086 abscedo,
1284 3011 1337 3090 qui
1360 3030 1427 3075 non
1450 3012 1547 3077 solum

425 3105 704 3187 simplicissimam,
728 3105 786 3170 sed
802 3106 898 3169 etiam
915 3105 1055 3170 maxime
1071 3105 1271 3188 probabilem
1287 3108 1547 3190 explanationem

424 3204 590 3269 adhibent.
634 3204 759 3267 Primus
781 3204 865 3274 enim
889 3202 1063 3267 Olemmius
1093 3204 1137 3279 (in
1161 3202 1260 3268 Curtii
1281 3203 1396 3271 studiis
1418 3226 1547 3288 gramm.

425 3322 471 3383 gr.
496 3307 527 3366 et
550 3302 604 3364 lat.
628 3301 694 3381 Ill,
717 3323 749 3384 p.
773 3303 847 3375 328)
872 3300 980 3383 stirpis
1001 3309 1131 3362 noct-s
1159 3320 1334 3366 consonam
1357 3302 1442 3369 nihil
1463 3303 1547 3369 aliud

426 3417 497 3463 esse
520 3418 615 3479 quam
631 3399 721 3463 verbi
744 3398 902 3463 substant.
918 3397 1061 3480 stirpem,
1085 3417 1168 3479 quae
1189 3398 1252 3463 nisi
1274 3399 1308 3463 in
1331 3419 1436 3483 comp,
1455 3421 1546 3485 pruc-

424 3517 525 3573 ccnn,
556 3495 689 3558 obs-ens
717 3496 817 3560 latine
845 3516 909 3560 non
939 3496 1111 3578 reperitur,
1141 3502 1226 3562 recte
1251 3496 1453 3565 intellexisse
1474 3497 1546 3563 mihi

424 3593 559 3657 videtur.
604 3593 642 3656 In
671 3593 896 3658 terminatione
924 3612 1001 3657 vero
1031 3603 1105 3655 oct·
1133 3599 1262 3659 servata
1291 3601 1339 3659 est
1366 3597 1489 3661 vocalis
1519 3616 1544 3667 o,

424 3711 520 3772 quam
550 3691 582 3753 in
606 3691 717 3771 lingua
745 3691 847 3755 latina
870 3690 1041 3771 conjectari
1073 3690 1217 3772 quidem,
1247 3692 1305 3757 sed
1334 3693 1479 3776 alioquin
1508 3712 1544 3757 ex

425 3789 588 3852 literarum
611 3788 824 3853 monumentis
854 3787 1066 3853 demonstrari
1088 3808 1153 3852 non
1175 3807 1271 3871 posse
1293 3810 1393 3873 supra
1415 3808 1544 3855 comme·

425 3886 630 3950 moravimus.
680 3884 783 3962 Quam
813 3885 1040 3968 etymologiam
1070 3902 1141 3949 esse
1167 3885 1446 3968 {simplicissimam
1479 3887 1543 3969 quis

425 3989 483 4064 est,
507 3984 560 4065 qui
583 3982 703 4064 neget?
748 3982 963 4047 Nihilominus
985 3982 1112 4048 videtur
1134 4002 1199 4047 non
1225 4002 1296 4049 esse
1319 3984 1498 4067 probanda,
1519 3982 1543 4047 si

423 4081 458 4145 in
480 4080 628 4145 vocabuli
651 4079 812 4144 notionem
834 4080 998 4145 intuearis.
1043 4079 1109 4145 Sed
1130 4079 1257 4145 videtur
1284 4088 1422 4148 tantum.
1465 4083 1542 4147 Nam

424 4197 506 4258 quae
534 4177 655 4260 primus
678 4175 850 4241 (ilemmius
878 4176 1031 4259 conjecit,
1061 4177 1159 4241 verbo
1186 4198 1260 4239 sons
1281 4179 1541 4261 significationem

423 4277 544 4339 inesse:
567 4273 646 4350 ,der
667 4293 701 4339 es
723 4292 872 4355 gewcsen
888 4274 951 4339 ist“
973 4274 993 4337 i.
1010 4294 1038 4339 e.
1062 4274 1187 4355 noxius,
1210 4294 1250 4339 ea
1271 4276 1423 4359 probavit
1437 4277 1541 4357 Bugge
