3575 5334
395 655 435 715 24
913 656 1013 711 Clemm

395 849 480 913 gere,
498 850 630 913 quorum
641 836 808 911 utrumque
819 830 886 894 Leo
898 829 1057 912 Meycrus,
1077 826 1117 893 de
1129 828 1205 910 ling.
1219 826 1313 892 Goth.
1326 846 1357 908 p.
1371 828 1434 888 370
1450 842 1517 887 cum

395 928 533 994 Gothica
548 927 647 1010 stirpe
669 926 763 1009 corpu
785 926 945 1009 „pignus“
967 930 1000 989 et
1020 944 1092 989 cum
1107 925 1223 988 Latina
1245 923 1321 986 cudi
1339 932 1437 995 (nom.
1453 924 1517 996 aas)

395 1031 560 1108 comparat
582 1024 699 1089 omisso
715 1043 783 1088 voc.
800 1018 938 1088 ἄεθλον.
969 1022 1035 1087 Sed
1050 1021 1150 1087 satius
1172 1021 1233 1086 erit
1254 1020 1353 1085 verba
1375 1019 1433 1083 illa
1447 1038 1517 1083 cum

395 1120 519 1204 Curtio,
553 1128 585 1188 et
616 1125 680 1204 gr.⁴
702 1143 734 1206 p.
758 1124 820 1184 249
853 1121 894 1186 ab
927 1120 978 1185 his
1010 1118 1193 1184 nominibus
1225 1117 1410 1200 sejungere,
1446 1115 1519 1198 quia

394 1218 635 1303 significationis
657 1238 813 1284 conexum
836 1236 933 1299 aegre
954 1216 1141 1299 perspicias.
1176 1216 1242 1280 Leo
1262 1215 1411 1298 Meycrus
1433 1213 1516 1278 enim

394 1337 425 1400 p.
439 1319 500 1381 495
523 1315 613 1384 verbi
636 1317 728 1378 uidua
750 1314 912 1380 notionem
935 1314 1118 1398 primariam
1143 1332 1214 1380 esse
1227 1312 1299 1376 vult
1320 1312 1465 1394 „ligare“
1487 1316 1518 1375 et

394 1434 452 1486 suo
480 1414 554 1497 jure
583 1432 653 1478 cum
683 1412 817 1496 pucidou
850 1411 1016 1494 conjungit
1041 1412 1146 1493 posim
1179 1409 1374 1492 conjunctio,
1409 1407 1519 1469 dacus

395 1510 525 1591 solutio,
560 1511 673 1573 omissi
698 1517 799 1575 status
833 1508 1022 1590 dissolutus,
1055 1508 1153 1569 remiss
1181 1509 1321 1586 solutus,
1358 1504 1416 1571 sed
1446 1525 1519 1587 quo-

394 1608 490 1672 modo
519 1606 595 1672 inde
618 1606 660 1671 ad
682 1605 842 1671 infitiandi
864 1606 1130 1689 significationem
1156 1605 1380 1688 perveniamus
1402 1602 1466 1667 nisi
1486 1602 1518 1662 iu

396 1706 557 1787 negativo,
583 1704 667 1786 quod
690 1704 723 1767 in
746 1704 857 1784 lingua
873 1703 1009 1769 Gothica
1030 1705 1154 1768 nullum
1178 1720 1248 1767 esse
1270 1702 1349 1766 satis
1370 1696 1519 1765 constat?

479 1803 517 1866 In
531 1801 642 1885 paucis
660 1821 742 1883 quae
756 1807 884 1866 exstant
900 1802 1081 1867 nominibus
1103 1820 1173 1865 cum
1190 1801 1221 1862 ia
1235 1797 1377 1881 praefixo
1393 1815 1519 1879 compo-

395 1900 463 1964 sitis
485 1898 674 1981 significatio
700 1897 812 1963 localis
837 1898 932 1963 facile
954 1898 1154 1982 perspicitur,
1183 1898 1273 1961 velut
1294 1893 1425 1957 iabiltlto
1449 1913 1520 1977 pro·

395 1997 479 2079 prie:
502 1995 638 2079 gravida
652 1996 672 2058 i.
685 2014 713 2060 e.
730 1996 762 2059 in
778 2001 868 2061 utero
882 2015 1008 2077 gerens,
1025 1994 1181 2078 iu-lruujo,
1199 1994 1342 2078 proprie:
1365 1998 1520 2073 cognatus

394 2093 415 2157 i.
432 2113 458 2158 e.
479 2094 532 2174 qui
553 2092 586 2157 in
603 2091 715 2158 eodem
737 2112 857 2175 genere
878 2102 1032 2174 versatur,
1056 2092 1211 2170 incitatus,
1235 2092 1287 2174 qui
1310 2090 1343 2154 in
1366 2091 1439 2171 lege
1462 2094 1520 2168 est,

394 2190 515 2253 invinds
537 2210 715 2276 perversus,
739 2190 878 2273 injustus
901 2198 933 2256 et
955 2190 1125 2253 invindicta
1148 2188 1305 2272 injustitia
1326 2188 1464 2251 fortasse
1479 2205 1519 2251 ex

393 2287 525 2353 notione
546 2288 785 2371 proficiscuntur
806 2290 912 2354 aversi
936 2290 1005 2353 sive
1027 2288 1172 2353 conversi
1189 2288 1223 2350 in
1239 2285 1435 2350 intestinum.
1472 2282 1520 2348 Si-

396 2383 515 2449 militer
537 2386 700 2449 notionem
722 2386 865 2451 intestini
882 2387 1035 2451 exhibent
1050 2385 1244 2469 adjectivum
1266 2383 1355 2445 inula
1376 2379 1518 2463 prudens

395 2486 426 2545 et
448 2482 546 2547 subet.
569 2482 675 2544 daubei
694 2482 874 2565 prudentia,
899 2484 1086 2565 quibuscum
1109 2482 1287 2547 conferatur
1309 2478 1368 2540 uhu
1392 2496 1519 2542 mensa

394 2577 462 2641 rad.
485 2576 526 2639 alc
554 2585 701 2654 „acutum
726 2584 817 2643 essc“
841 2579 1063 2645 derivandum.
1105 2579 1190 2658 Quid
1214 2595 1457 2642 commemorem
1481 2594 1520 2639 ea

395 2692 477 2755 quae
499 2674 540 2737 ab
563 2675 614 2735 ina
638 2674 793 2757 incipiunt
821 2676 874 2740 vel
897 2679 996 2755 verba
1017 2679 1070 2743 vel
1092 2677 1239 2755 nomina,
1269 2694 1400 2756 quorum
1429 2694 1507 2757 prae

394 2769 490 2834 fixum
520 2772 586 2835 Leo
610 2772 757 2855 Meyerus
786 2771 807 2838 l.
830 2774 852 2837 l.
876 2777 948 2854 206,
979 2778 1040 2837 477
1069 2782 1154 2838 recte
1183 2773 1224 2836 ab
1254 2773 1299 2833 iot
1334 2772 1452 2854 repetit
1485 2778 1519 2837 ut

395 2868 468 2929 inno
490 2868 532 2933 ab
554 2869 620 2930 into
642 2869 693 2943 (cl.
715 2870 770 2933 lat.
795 2870 883 2948 cado,
907 2871 1018 2947 indul?
1055 2873 1093 2935 ln
1116 2871 1165 2935 his
1188 2868 1335 2934 omnibus
1357 2871 1409 2929 ina
1431 2868 1517 2934 idem

395 2964 551 3046 estquod
577 2966 733 3031 Graecum
763 2965 813 3043 εἷς
835 2968 924 3032 velut
949 2968 1124 3049 irrapuppon
1148 2965 1384 3048 εἷσέρχεσθαι,
1417 2967 1519 3028 innut-

395 3061 502 3123 tc‘abau
524 3059 682 3145 εἰσάγειν,
705 3063 882 3127 inotbuc‘rua
906 3063 1079 3150 εἰσφέρειν
1102 3066 1171 3130 sim.

479 3161 623 3243 Apparet
648 3160 717 3243 jam
746 3162 779 3225 in
804 3162 940 3227 Gothico
967 3162 1079 3243 lingua
1102 3163 1197 3227 simili
1227 3161 1405 3226 rationein
1428 3181 1518 3243 prae-

394 3254 490 3320 fixum
513 3266 700 3340 usurpatum
724 3279 794 3325 esse
816 3266 914 3342 atque
935 3259 969 3324 in
993 3259 1076 3339 aliis,
1099 3261 1271 3342 praecipue
1293 3263 1400 3324 autem
1416 3258 1449 3322 in
1472 3279 1519 3324 re·

394 3353 589 3418 centioribus
612 3353 757 3421 dialectis
773 3355 974 3421 Germanicis
996 3356 1030 3420 id
1052 3355 1118 3420 fieri
1142 3357 1248 3421 statim
1271 3356 1461 3437 videbimus,
1485 3357 1518 3422 in

396 3450 510 3531 quibus
525 3451 556 3512 ia
573 3451 614 3515 ab
638 3452 751 3517 eadem
774 3452 917 3518 intestini
940 3453 991 3517 vel
1016 3453 1171 3518 inferendi
1194 3453 1325 3518 notione
1346 3454 1516 3535 repetitum

394 3544 435 3610 ad
468 3548 648 3628 augendam
682 3549 747 3612 vim
780 3567 851 3612 cum
880 3548 1111 3632 adjectivorum
1148 3557 1213 3616 tum
1248 3551 1516 3616 substantivorum

394 3644 577 3709 etiamnunc
623 3644 803 3711 adhibetur.
858 3645 906 3710 Ac
943 3646 1095 3713 facillime
1137 3647 1265 3729 quidem
1306 3648 1367 3711 hoo
1409 3654 1518 3712 mente

394 3759 432 3805 ac
454 3740 601 3806 sensibus
623 3742 751 3823 assequi
774 3762 943 3824 possumus
973 3744 1005 3808 in
1032 3745 1073 3809 iis
1102 3745 1283 3826 vocabulis,
1313 3763 1395 3826 quae
1417 3744 1516 3808 animi

395 3836 549 3918 quosdam
572 3845 686 3921 motus,
709 3839 852 3919 affectus,
876 3840 1133 3921 perturbationes
1154 3840 1349 3923 significant:
1374 3849 1516 3908 nostrum

395 3934 479 4000 enim
512 3934 663 4015 Inprimm
697 3943 746 4001 est
778 3936 933 4002 intestina
966 3938 1029 4017 ira,
1068 3938 1216 4000 Iabruast
1254 3938 1385 4003 intimus
1418 3939 1517 4003 animi

394 4050 522 4110 sensus,
553 4029 665 4112 ardor,
695 4032 809 4115 quibus
832 4034 906 4116 plus
929 4034 1063 4117 exprimi
1087 4036 1272 4119 compositis
1299 4036 1392 4101 vides
1422 4056 1516 4118 quam

394 4146 477 4210 quac
505 4128 722 4210 respondeant
749 4130 956 4213 simplicibus.
1001 4131 1117 4197 Nonne
1145 4133 1240 4198 etiam
1269 4132 1402 4215 integris
1424 4153 1517 4198 voca-

393 4224 478 4288 bulis
511 4226 699 4309 synonymis
729 4227 889 4293 interdum
923 4247 1075 4310 augemus
1104 4229 1251 4294 notiones
1284 4229 1514 4311 adjectivorum
