3575 5334
416 680 478 742 268
930 682 1017 738 Cauer

415 856 510 921 huius
538 855 635 935 igitur
657 855 890 920 constrictionis
912 855 1008 920 etiam
1030 856 1063 920 in
1087 857 1194 921 Attica
1217 853 1357 920 dialecto
1386 856 1440 929 (de
1463 857 1539 920 Aeo-

415 954 478 1017 lica
507 963 538 1018 et
568 952 683 1016 Dorica
710 972 741 1014 v.
772 952 964 1016 Ahrensium
989 953 1078 1017 Aeol.
1106 958 1164 1016 100
1180 972 1227 1034 sq.
1260 956 1331 1018 193.
1369 954 1446 1018 Dor.
1472 956 1539 1017 188.

417 1053 491 1122 5661
520 1070 586 1114 non
615 1050 763 1131 exiguam
792 1048 891 1113 fuisse
919 1049 982 1112 vim
1012 1057 1139 1115 veteres
1165 1050 1230 1114 iam
1258 1050 1462 1132 grammatici
1488 1071 1540 1114 no-

415 1155 538 1228 verant,
563 1166 696 1228 quorum
719 1145 883 1229 complura
906 1145 947 1210 de
970 1147 1030 1210 hac
1052 1166 1087 1213 re
1108 1148 1229 1212 iudicia
1249 1169 1270 1212 a
1285 1147 1539 1214 Weckleinio

416 1265 470 1328 pp.
496 1248 545 1307 12.
570 1249 620 1307 54.
644 1247 684 1308 63
701 1263 747 1325 sq.
771 1249 803 1307 et
818 1264 838 1306 a
854 1243 1078 1325 Loheekio,
1102 1245 1227 1309 Pothol.
1251 1244 1305 1310 Gr.
1328 1264 1424 1311 serm.
1449 1247 1540 1311 elem.

302 1343 305 1348 ’
415 1343 458 1423 ΙΙ,
482 1363 513 1425 p.
537 1346 577 1405 25
607 1341 742 1405 collecta
771 1347 853 1405 sunt.
899 1342 1049 1423 exempla
1077 1361 1203 1424 quoque
1231 1360 1271 1407 ex
1301 1332 1403 1407 titulis
1429 1344 1542 1408 Atticis

415 1438 636 1504 Weckleinius
658 1458 724 1501 non
746 1457 849 1520 pauca
870 1438 986 1518 attulit,
1014 1438 1073 1504 sed
1094 1459 1199 1521 neque
1220 1439 1329 1503 omnia
1351 1458 1458 1521 neque
1480 1460 1541 1503 uno

415 1541 588 1616 conspeetu
610 1534 787 1599 coniuncta.
824 1553 887 1615 qua
911 1554 946 1599 re
967 1555 1032 1599 non
1054 1556 1311 1620 supervacaneus
1332 1537 1395 1601 erit
1416 1538 1543 1621 plenior

417 1634 546 1715 quidam
570 1632 751 1712 catalogus,
783 1651 876 1713 quem
899 1630 945 1696 ita
967 1635 1146 1715 composui,
1178 1642 1211 1699 ut
1239 1658 1284 1711 αι,
1308 1658 1348 1710 ει,
1373 1656 1417 1711 οι,
1443 1634 1543 1698 ordi·

416 1731 599 1813 phthongos
622 1727 774 1810 deinceps
796 1737 964 1794 tractarem
988 1736 1020 1794 et
1047 1730 1080 1793 in
1103 1732 1239 1813 singulis
1262 1732 1436 1815 exemplis,
1467 1730 1544 1813 qnid

416 1826 458 1892 de
481 1826 527 1891 eis
549 1825 754 1890 iudicandum
779 1835 872 1907 esset,
896 1826 1035 1892 breviter
1056 1826 1255 1894 adnotarem.

501 1941 534 1989 a:
575 1947 614 1987 αι
647 1923 947 2004 constringitur
978 1924 1017 1987 in
1047 1948 1068 1987 α
1094 1932 1149 1990 aut
1171 1927 1300 2007 longam
1322 1934 1379 1990 ant
1400 1926 1543 2004 brevem,

417 2022 503 2087 unde
524 2039 762 2101 nonnumquam
785 2020 821 2084 fit
843 2045 867 2084 ε.
913 2046 933 2083 α
956 2021 1063 2087 brevis
1086 2029 1134 2087 est
1155 2023 1188 2087 in
1212 2022 1262 2087 his
1283 2023 1469 2088 vocabulis:

364 2110 367 2119 ⁴
498 2111 684 2202 Ἀθηνάα
707 2121 817 2195 351,2
849 2119 881 2181 in
917 2119 1009 2183 titulo
1042 2118 1167 2183 donarii
1198 2120 1315 2202 privati
1347 2126 1543 2202 pervetusto.

416 2217 590 2281 ebrevem
614 2234 686 2280 esse
707 2221 740 2279 et
763 2235 803 2280 ex
827 2216 1059 2296 contractione,
1090 2236 1171 2298 quae
1199 2238 1274 2283 mox
1296 2217 1383 2281 facta
1405 2225 1470 2297 est,
1499 2218 1545 2282 in-

415 2315 578 2395 tellegitur
599 2322 631 2378 et
654 2332 693 2377 ex
716 2332 865 2377 mensura
887 2312 981 2377 huius
1002 2314 1150 2394 nominis,
1175 2334 1257 2395 quae
1273 2320 1322 2379 est
1336 2314 1426 2398 apud
1442 2316 1545 2381 Theo·

415 2413 649 2491 critum28,1.
694 2410 790 2474 etiarn
820 2417 892 2491 post
919 2411 1084 2475 Euclidem
1114 2431 1217 2494 pauca
1243 2413 1395 2493 exempla
1423 2412 1546 2479 formae

416 2510 450 2573 in
479 2507 540 2572 -άα
569 2507 715 2572 exeuntis
745 2513 887 2586 exstant,
919 2527 999 2589 quae
1023 2508 1242 2600 Weckleinius
1265 2510 1384 2574 attulit.
1430 2510 1465 2575 in
1487 2510 1545 2576 fre·

417 2606 615 2687 quentiorem
630 2610 736 2668 autem
752 2624 844 2667 usum
858 2598 1011 2688 Ἀθηνάα
1030 2626 1094 2669 non
1118 2606 1329 2688 permanavit,
1353 2605 1411 2671 sed
1436 2608 1543 2673 statim

417 2709 580 2766 contracta
602 2707 650 2765 est
671 2701 704 2764 in
720 2695 859 2782 Ἀθηνᾶ.
888 2702 996 2783 itaque
1012 2702 1071 2768 etsi
1094 2724 1159 2768 non
1181 2723 1310 2785 prorsus
1325 2710 1413 2769 recte
1436 2711 1543 2770 tamen

417 2819 482 2863 non
505 2800 613 2881 inepte
635 2797 788 2862 iudicavit
803 2800 989 2863 Eustothius
1011 2798 1054 2863 ad
1069 2802 1107 2862 A
1125 2802 1199 2863 197:
1223 2798 1255 2863 οἱ
1270 2803 1385 2878 μέντοι
1406 2796 1542 2887 ὕστερον

418 2889 666 2977 ἀποβάλλοντες
689 2894 727 2956 τὸ
744 2920 756 2958 ι
771 2897 829 2976 τῆς
845 2920 880 2959 αι
896 2892 1084 2979 ὁιφθόγγου
1107 2898 1160 2959 καὶ
1175 2890 1343 2980 Ἀθηνάαν
1367 2902 1543 2976 ποιοῦντες

417 2987 527 3073 ὥςπερ
557 2991 614 3074 τὴν
645 2990 756 3056 ἐλαίαν
788 2991 885 3056 ἐλάαν
911 2986 1066 3068 Ἀττικῶς
1093 2985 1258 3077 Ἀθηνάαν
1286 2994 1346 3074 μὲν
1376 2992 1418 3058 οὔ
1448 3020 1539 3082 φασι,

416 3087 457 3155 τὰ
482 3090 517 3155 δὲ
541 3088 598 3153 δύο
623 3114 644 3151 α
668 3092 841 3169 κιρνιῦντες
864 3090 1013 3172 λέγουσιν
1037 3084 1190 3174 Ἀθηνᾶν.

499 3182 647 3262 Ὁαέως
676 3188 783 3267 3181,
806 3199 830 3251 8.
866 3181 1046 3274 ‘Ooredee
1069 3209 1099 3271 g.
1127 3192 1195 3269 121,
1217 3200 1242 3251 3.
1275 3191 1344 3267 122,
1368 3200 1392 3253 2.
1426 3194 1497 3273 148,
1518 3203 1541 3254 2.

417 3311 438 3349 α
460 3287 494 3349 in
517 3288 577 3350 hac
599 3284 701 3348 forma
724 3285 853 3349 brevem
882 3286 981 3350 luisse
1005 3287 1073 3351 veri
1101 3286 1206 3351 simile
1228 3292 1276 3351 est
1304 3295 1437 3369 propter
1459 3308 1541 3354 men·

416 3403 522 3448 suram
546 3379 688 3463 Πειρᾶεῖ
710 3381 810 3446 dativi
832 3381 919 3464 apud
942 3383 1189 3466 Aristophanem
1211 3402 1281 3465 pao.
1307 3387 1380 3448 145.

504 3469 662 3544 c'brevis
694 3499 800 3544 rursus
833 3480 867 3543 in
897 3503 912 3544 ε
941 3488 1088 3563 correpta
1116 3487 1165 3545 est
1197 3480 1232 3543 in
1258 3481 1540 3546 Ποτειόεᾶται

417 3579 490 3657 240,
515 3587 554 3638 50.
589 3578 661 3656 242,
685 3589 708 3639 5.
742 3579 813 3658 244,
837 3588 877 3637 65.
922 3578 1057 3643 sortasse
1088 3578 1184 3642 etiam
1214 3580 1285 3657 241,
1314 3589 1339 3641 8.
1383 3579 1542 3662 antiquior

417 3675 519 3738 forma
541 3672 805 3751 Horsrdardpor]
829 3680 934 3739 exstat
957 3677 1029 3755 236,
1052 3687 1087 3738 14.
1124 3682 1263 3740 ceterum
1285 3674 1341 3738 vix
1364 3677 1540 3758 putaverim

417 3765 671 3833 *Ποτειδᾶᾶται
703 3790 851 3853 umquam
881 3772 1121 3853 pronuntiatum
1151 3790 1236 3852 esse,
1269 3772 1344 3853 quia
1366 3796 1388 3835 α
1416 3781 1494 3839 ante
1520 3798 1539 3836 a

419 3953 585 4021 comparatio
605 3952 715 4019 docent,
740 3954 883 4023 productio
903 3955 1070 4023 suppletoria
1090 3955 1166 4010 foeta
1182 3958 1237 4021 est,
1260 3954 1293 4008 de
1310 3970 1366 4022 quo
1385 3957 1441 4023 egit
1458 3956 1539 4023 Brug-

417 4048 526 4099 manus,
551 4033 627 4087 Stud.
645 4034 691 4100 IV,
713 4038 759 4087 111
770 4050 826 4102 sqq.
846 4050 915 4101 quae
932 4034 1059 4102 quoniam
1075 4035 1104 4089 in
1122 4034 1428 4104 exemplisposterioris
1447 4036 1540 4091 aetatis

418 4129 550 4183 nusquam
568 4114 643 4167 facta
660 4118 715 4178 est,
738 4115 766 4166 in
788 4113 830 4168 his
852 4116 938 4185 nonj
956 4115 1078 4184 spirans,
1101 4115 1149 4169 sed
1170 4115 1231 4184 ipsa
1249 4132 1259 4165 ι
1275 4116 1378 4171 voculis
1402 4118 1539 4172 evanuisse

417 4195 538 4263 putanda
561 4209 621 4249 esse
644 4194 708 4247 mihi
725 4193 837 4247 videtur.
873 4210 962 4264 neque
979 4195 1058 4249 aliter
1075 4195 1147 4249 hanc
1164 4210 1220 4249 rem
1238 4211 1267 4250 se
1290 4196 1394 4251 hahere
1412 4199 1540 4252 statueret

419 4273 568 4341 Curtius,
588 4275 663 4329 Stud.
681 4274 701 4337 l,
721 4279 745 4338 2,
766 4284 822 4325 mr.
842 4283 888 4325 nse
904 4290 961 4344 sqq.
