3575 5334
423 703 484 763 378
913 702 1057 757 Bechstein

421 888 524 940 sorites
547 877 599 942 dei
622 898 653 960 p.
678 882 761 953 345),
784 876 940 939 Larentia
963 894 1080 939 nomen
1101 874 1151 951 (ct.
1167 874 1295 951 Lares).
1319 909 1361 920 -
1385 874 1452 940 Sed
1473 874 1541 941 satis

424 974 556 1040 dehoc!
592 974 666 1039 Jam
682 974 724 1039 ad
740 975 875 1040 alteram
892 972 1184 1056 disputatiunculae
1199 979 1323 1055 partem
1338 978 1540 1050 transeamus,

422 1091 486 1153 qua
507 1072 626 1155 agitur:

481 1385 483 1390 Ι
507 1308 549 1373 ΙΙ.
595 1310 654 1374 DE
678 1306 920 1373 NOMINIBUS
943 1304 1132 1371 SUFFIXO
1154 1304 1290 1369 MINO-
1320 1304 1466 1384 (Mite)

851 1403 1119 1471 INSTRUOTIS.

507 1538 696 1619 Priusquam
724 1535 767 1601 ad
795 1556 862 1602 rem
892 1536 996 1620 ipsam
1024 1536 1215 1601 accedamus
1243 1554 1347 1618 pauca
1377 1535 1420 1601 de
1448 1534 1539 1601 suffixi

423 1638 521 1698 mitro·
537 1638 646 1711 (orno)
668 1635 793 1699 ratione
808 1653 1035 1717 praemoneam
1051 1653 1183 1700 necesse
1198 1634 1324 1699 videtur
1340 1652 1423 1699 esse.
1455 1632 1540 1716 Cujus

422 1732 527 1798 suffixi
543 1732 675 1796 formam
699 1731 871 1814 genuinam
887 1731 1181 1814 indogermanieam
1195 1730 1294 1796 fuisse
1317 1751 1410 1793 mona
1432 1731 1540 1813 linguis

409 1829 568 1912 ejusdem
591 1829 699 1912 stirpis
725 1828 808 1894 inter
831 1848 866 1894 so
888 1830 1080 1913 comparatis
1103 1828 1286 1913 perspicies,
1310 1847 1395 1911 quae
1417 1828 1540 1893 zendica

422 1928 541 2010 legitur
557 1929 733 2007 immutata,
757 1947 874 2009 graeca
886 1949 981 2006 μενο-
997 1947 1081 1995 nom.
1097 1948 1204 2006 μενος,
1221 1949 1310 2008 perp,
1334 1948 1435 2006 μενον
1451 1934 1541 1992 trans·

423 2026 573 2108 formata3
597 2024 630 2087 in
652 2025 763 2105 lingua
779 2025 936 2089 sanserita
950 2024 1073 2089 vocalis
1096 2024 1289 2107 producitur,
1314 2043 1379 2106 qua
1398 2023 1440 2089 de
1455 2044 1541 2090 causa

423 2123 567 2206 Boppius
583 2124 688 2184 mario·
704 2142 774 2187 esse
790 2121 936 2186 suffixum
953 2122 1174 2204 indogerman.
1190 2122 1351 2186 nonsatis
1372 2127 1460 2187 recte
1480 2140 1540 2186 oen·

422 2221 494 2286 suit.
539 2220 608 2285 Hoc
636 2218 784 2284 suffixum
814 2220 974 2286 confertur
1002 2221 1045 2284 ad
1074 2219 1225 2301 lingenda
1253 2217 1352 2284 medii
1377 2224 1409 2285 et
1431 2216 1539 2302 passivi

422 2316 606 2402 participia:
970 2399 972 2403 .

465 2435 524 2481 scr.
548 2413 632 2479 med.
656 2434 759 2498 praes.
782 2435 806 2482 r,
829 2413 909 2476 olor
932 2413 1052 2490 (ferrelz
1080 2413 1302 2476 thoro-necino-

522 2534 635 2596 ‚pass
695 2560 708 2589 ‚,
783 2533 808 2575 r.
832 2511 893 2573 aad
917 2514 1084 2588 (necterelz
1107 2509 1327 2593 auhjo-mdcc-
1427 2540 1432 2549 ·

551 2609 635 2675 med.
671 2611 727 2672 fut.
784 2630 807 2672 r.
831 2607 873 2669 do
896 2608 1014 2685 (darelz
1037 2607 1251 2692 ilipa-miino-

424 2708 538 2789 quibus
554 2727 636 2788 quae
651 2706 773 2770 formae
793 2706 938 2771 Graecae
952 2705 1171 2789 respondeant
1192 2725 1257 2769 non
1280 2724 1362 2787 opus
1385 2713 1435 2771 est
1456 2705 1541 2790 pluri·

423 2806 482 2870 bus
505 2823 675 2887 exponere.

508 2903 546 2966 In
575 2902 685 2983 lingua
714 2899 817 2963 latina
844 2899 990 2981 quamvis
1018 2900 1061 2965 ad
1090 2902 1260 2984 participia
1287 2901 1459 2966 formanda
1486 2920 1541 2966 non

420 2999 489 3083 jam
519 3000 725 3078 adhibeatur,
759 3004 867 3062 tamen
900 2998 1138 3082 participiorum
1171 2998 1232 3064 hoe
1260 2997 1375 3064 suffixo
1404 2999 1543 3065 formato-

424 3119 492 3163 rum
527 3096 678 3179 reliquias
711 3094 866 3176 quasdam
901 3103 1023 3161 restare
1056 3095 1200 3180 Boppius
1234 3095 1542 3181 (conjugationssyst.

424 3218 455 3280 p.
481 3200 540 3260 105
557 3215 642 3277 sqq.;
670 3213 771 3275 gram.
801 3212 904 3275 comp.
927 3193 986 3273 11²,
1011 3196 1072 3257 325
1087 3198 1167 3275 sqq.)
1196 3194 1317 3277 primus
1344 3194 1392 3259 ita
1424 3193 1544 3259 demon-

423 3293 551 3372 stravit,
581 3299 615 3357 ut
638 3292 699 3355 hoo
726 3298 870 3374 tempore
892 3290 959 3380 tere
981 3311 1075 3378 nemo
1098 3291 1153 3372 sit,
1184 3291 1260 3372 quin
1282 3289 1542 3357 libentissimam

424 3391 494 3471 ejus
517 3389 709 3454 sententiam
734 3390 920 3462 transeat³¹)
976 3389 1008 3453 Is
1037 3390 1120 3454 enim
1148 3388 1269 3470 passivi
1291 3389 1542 3454 terminationem

424 3488 514 3557 nam,
546 3504 628 3568 quae
650 3506 670 3549 a
692 3493 867 3550 ceterarum
891 3485 1016 3550 ratione
1045 3486 1144 3568 plane
1165 3485 1274 3549 aliena
1295 3492 1360 3565 est,
1389 3487 1544 3552 conteren-

424 3583 498 3648 dam
529 3602 599 3647 esse
621 3602 692 3647 cum
714 3583 820 3665 graeci
844 3605 939 3660 μενοι
967 3582 1126 3665 participii
1153 3582 1269 3666 plurali
1296 3584 1467 3667 probavit3
1496 3585 1545 3648 ita·

372 3691 374 3695 '
423 3701 494 3763 que,
518 3687 552 3745 ut
573 3682 634 3745 lroc
656 3679 803 3762 afferam,
830 3681 982 3764 ferimini
994 3701 1015 3745 a
1030 3677 1224 3763 φερό-μενοι
1247 3682 1378 3745 omnino
1401 3703 1468 3746 non
1490 3680 1543 3745 dis·

424 3784 544 3861 crepat.
589 3777 679 3855 Quae
702 3799 797 3861 quum
826 3778 871 3842 ita
900 3780 979 3860 sint,
1004 3777 1158 3861 ferimini
1182 3797 1216 3843 re
1244 3797 1323 3843 vera
1351 3776 1435 3843 nihil
1464 3774 1543 3844 aliud

424 3880 481 3954 est,
505 3895 599 3956 qoam
623 3876 823 3959 participium
846 3876 982 3941 latinum
1005 3875 1183 3959 praesentis
1198 3874 1296 3940 medii
1318 3875 1464 3958 alioquin
1486 3894 1542 3941 noo

423 3972 586 4051 usitatum,
610 3972 652 4036 ad
675 3972 762 4054 quod
785 3971 1000 4055 supplendum
1023 3980 1087 4038 est:
1116 3973 1199 4035 estas.

492 4142 524 4204 ³¹)
542 4139 695 4193 Memorato
712 4140 821 4208 dignum
838 4139 943 4193 ridetur
960 4154 1020 4193 esse
1037 4136 1130 4191 suffixi
1139 4155 1232 4192 mona·
1241 4138 1300 4193 vice
1309 4137 1340 4193 in
1351 4139 1452 4210 linguis
1464 4140 1542 4195 slavo-

422 4220 582 4288 germanicis
606 4252 640 4259 -
664 4221 687 4273 si
710 4235 798 4288 pauca
822 4220 944 4287 exempla
968 4218 1077 4273 dialecti
1100 4219 1258 4273 borussicae
1280 4225 1334 4288 (ap.
1357 4219 1493 4290 Boppium
1508 4232 1540 4286 gr·

425 4315 510 4369 comp.
527 4300 589 4365 111²,
608 4302 624 4368 ξ
644 4305 704 4374 791)
722 4301 903 4355 exemeris-
921 4299 1049 4354 suffixum
1066 4316 1122 4353 mo·
1139 4298 1224 4367 fungi.
1304 4314 1308 4320 ·
