3575 5334
691 686 724 742 de
742 686 825 756 alpha
840 686 982 742 intensive.
1355 686 1396 749 83

275 862 354 928 llam
383 860 473 945 apud
495 859 671 926 Atticorum
701 858 853 942 tragicos,
882 859 985 941 inquit
1007 860 1211 926 Hermannus
1236 860 1280 927 ad
1309 863 1341 927 h.
1363 862 1397 945 1.,

274 957 371 1025 sicubi
406 954 554 1043 ἄπτερος
585 955 746 1022 invenitur
781 955 913 1040 propria
943 955 1173 1039 significatione
1205 978 1290 1025 nunc
1319 980 1397 1024 non

273 1057 425 1121 alatum
448 1060 549 1136 notat,
571 1061 606 1119 ut
627 1055 719 1120 Eum.
735 1074 765 1119 v.
784 1057 834 1136 53,
859 1055 931 1135 249,
955 1060 988 1119 et
1008 1053 1043 1118 in
1057 1054 1129 1137 Iph.
1145 1056 1241 1122 Taur.
1257 1078 1287 1122 v.
1303 1058 1395 1139 1995,

274 1171 355 1217 nunc
376 1150 627 1235 implumem,
652 1151 741 1215 utin
763 1150 857 1216 Herc.
878 1150 938 1217 fur.
961 1170 991 1215 v.
1017 1153 1097 1216 1939

357 1294 376 1363 ὃ
400 1295 445 1378 d’,
470 1293 516 1376 ὥς
537 1322 590 1376 τις
613 1296 705 1383 ἄρνις
728 1294 915 1383 ἄπτερος
937 1304 1150 1365 καταστένων

357 1392 464 1461 ὠδῖνα
485 1399 621 1475 τέκνων,
643 1399 792 1478 πρέςβος
814 1394 942 1481 ὑστέρῳ
964 1394 1049 1460 ποδὶ

357 1492 483 1578 πικρὰν
508 1490 637 1569 διώκων
660 1487 778 1577 ἤλυσιν
802 1488 955 1575 πάρεσθ’
981 1490 1049 1558 lide.

274 1646 312 1711 Et
345 1645 397 1711 hic
430 1644 558 1728 quidem
591 1646 680 1711 locus
715 1644 1063 1710 accommodatissimus
1092 1652 1141 1711 est
1168 1645 1211 1710 ad
1245 1646 1397 1714 tuendam

274 1744 356 1809 hanc
378 1761 490 1807 vocem
512 1744 546 1808 in
568 1743 821 1825 Agamemnone.
866 1741 950 1806 Nam
979 1738 1128 1826 ἄπτερος
1151 1740 1254 1829 φάτις
1276 1751 1325 1809 est
1348 1766 1398 1809 ru-

273 1860 338 1905 mor
368 1838 570 1920 immaturus,
604 1840 653 1903 cui
681 1838 826 1905 nondum
852 1836 933 1905 fides
961 1838 1127 1922 habenda,
1157 1842 1398 1924 comparatione

274 1938 313 2003 ab
334 1936 451 2003 avibus
472 1936 582 2020 petita,
606 1936 720 2018 quibus
736 1934 878 2002 nondum
893 1935 937 1999 ad
952 1936 1094 2001 volatum
1116 1938 1231 2019 pennis
1253 1936 1398 2006 firmatae

276 2041 347 2099 sunt
362 2034 447 2099 alae.
475 2034 589 2099 Paullo
612 2033 706 2100 aliter
726 2033 783 2099 alii
804 2033 909 2098 locum
931 2032 1045 2114 Agam.
1069 2053 1126 2116 per
1147 2034 1277 2117 ellipsin
1299 2054 1398 2116 quan-

274 2130 344 2196 dam
370 2130 504 2213 epitheti
530 2131 795 2214 interpretantur:
833 2126 912 2195 ἄνευ
942 2134 1075 2212 πτερῶν
1103 2131 1174 2211 μὲν,
1204 2127 1279 2193 ἀλλ’
1305 2128 1397 2214 ὅμως

272 2232 399 2308 ταχέως
432 2224 547 2311 ὥςπερ
579 2239 729 2313 πτεροῖς.
785 2226 838 2293 Sia
866 2224 1123 2293 Schneidevinus
1156 2247 1228 2291 cum
1256 2228 1398 2295 Doeder-

272 2326 347 2407 liuo‚
378 2326 439 2391 etsi
459 2324 489 2389 is
510 2344 552 2390 ne
574 2324 769 2391 Buttmanno
792 2323 922 2407 quidem
944 2324 1142 2406 adversatur,
1165 2323 1219 2406 qui
1240 2332 1313 2407 post
1334 2326 1398 2392 Ho-

273 2442 395 2488 merum
419 2418 568 2505 ἄπτερος
590 2442 686 2489 sensu
704 2420 894 2489 affirmativo
916 2421 980 2487 dici
1002 2429 1149 2505 coeptum
1171 2441 1243 2490 csse
1259 2421 1397 2505 judicat.

272 2518 429 2602 Equidem
452 2517 547 2589 etde
577 2521 728 2585 hocloco
750 2518 845 2585 etde
868 2519 982 2585 ceteris
1008 2520 1090 2585 iacio
1118 2539 1190 2585 cum
1211 2519 1397 2585 Hermanno

272 2617 322 2699 qui
351 2615 645 2683 Alexandrinorum
668 2636 794 2699 quoque
816 2622 983 2699 poetarum
1006 2638 1096 2683 usum
1126 2624 1158 2683 et
1188 2618 1397 2701 posteriorum

271 2714 461 2798 scriptorum
492 2712 703 2780 imitationem
734 2712 854 2797 optime
881 2715 1056 2798 perspexit.
1099 2714 1196 2798 Apud
1224 2716 1283 2781 hos
1311 2715 1397 2782 enim

272 2811 296 2876 si
318 2832 386 2877 non
409 2810 515 2894 ipsum
531 2809 726 2893 adjectivum
749 2806 908 2895 ἄπτερος,
931 2819 966 2877 at
982 2818 1067 2878 certe
1082 2810 1271 2877 adverbium
1293 2808 1398 2879 ἄπτε-

273 2913 356 2993 ρέως
380 2904 567 2993 (ἄπτερής),
597 2905 757 2988 quianon
781 2913 887 2991 potest
908 2930 972 2975 non
995 2908 1137 2974 revocari
1160 2907 1203 2974 ad
1225 2909 1398 2976 celeritatis

271 3006 449 3085 notionem,
480 3004 579 3085 vulgo
601 3002 778 3086 explicatur
804 3009 946 3085 ταχέως,
976 3004 1148 3091 ἐλαφρῶς,
1179 3003 1396 3093 ἠμελημένως

272 3104 351 3184 sim,
376 3102 467 3168 velut
490 3121 543 3183 ap.
565 3100 673 3183 Apoll.
696 3102 799 3168 Rhod.
823 3103 868 3167 IV
895 3106 974 3167 1155

354 3257 475 3318 κεῖθεν
499 3248 533 3316 d'
558 3247 776 3336 ἀπτερέως
799 3251 855 3316 διὰ
878 3256 998 3335 μυρίον
1021 3246 1124 3331 οἶδμα
1146 3248 1304 3328 λιπόντες

354 3348 505 3435 Αἰγίνης
528 3344 669 3434 ἀκτῇσιν
692 3348 896 3429 ἐπέσχεθον.

272 3501 425 3568 Similiter
447 3500 595 3566 Parmen.
617 3520 670 3584 ap.
694 3500 782 3567 Sext.
806 3502 899 3584 Emp.
915 3500 990 3566 adv.
1005 3502 1069 3583 log.
1084 3501 1100 3565 I
1116 3503 1177 3566 393
1202 3496 1286 3585 ὀχῆα
1309 3490 1397 3567 ὦσαι

272 3596 448 3683 ἀπτερέως
477 3596 665 3663 adverbium
696 3603 837 3665 nostrum
874 3597 1011 3681 positum
1041 3616 1112 3664 esse
1140 3597 1281 3680 videtur,
1311 3608 1398 3667 certe

271 3697 314 3761 sic
338 3695 477 3779 positum
500 3699 550 3759 cst
571 3714 622 3777 ap.
645 3693 820 3759 Eudociam
844 3694 885 3759 de
908 3694 963 3759 vit.
986 3694 1019 3758 S.
1038 3692 1134 3777 prr.
1157 3695 1173 3759 Ι
1196 3697 1236 3758 24
1260 3703 1300 3761 ο1.
1326 3699 1388 3760 292

272 3792 328 3858 Off.
358 3792 532 3858 Ruhnken.
566 3810 617 3874 ep.
649 3792 717 3858 crit.
753 3792 785 3856 II
818 3791 881 3870 (ed.
914 3794 1007 3866 1182)
1041 3812 1072 3874 p.
1099 3797 1168 3875 105,
1201 3792 1395 3876 Lobeckius,

270 3890 358 3973 path.
382 3890 423 3954 el.
446 3888 462 3952 1
486 3890 537 3952 39.
580 3889 785 3956 Hermannus
806 3896 915 3954 autem
937 3887 979 3954 de
1000 3887 1065 3954 illis
1086 3890 1308 3973 scriptoribus:
1330 3909 1396 3955 non

271 3993 319 4052 est
353 3986 539 4067 obscurum,
573 3986 693 4068 inquit,
725 3986 822 4051 ctiam
851 3986 905 4067 qui
937 3986 995 4051 illa
1026 4005 1106 4052 voce
1138 3987 1172 4051 in
1204 3987 1396 4051 contrarium

269 4080 483 4166 significatum
509 4081 559 4147 usi
586 4074 735 4147 videntur
763 4102 797 4148 re
826 4102 903 4149 vera
929 4102 995 4148 non
1020 4084 1190 4149 recessisse
1213 4102 1234 4146 a
1256 4081 1394 4163 proprio.

272 4181 354 4247 Sunt
377 4180 463 4246 enim
481 4177 531 4242 illi
547 4178 719 4245 Homerum
737 4180 850 4262 secuti,
873 4179 923 4245 eui
945 4199 1015 4244 cum
1039 4174 1187 4262 ἄπτερος
1207 4182 1320 4257 μῦθος
1343 4176 1395 4240 di·

270 4285 377 4343 etum
393 4272 552 4360 significet
573 4297 652 4342 non
674 4279 848 4343 avolans
869 4276 928 4343 sed
946 4276 1058 4343 sedulo
1073 4282 1181 4341 mente
1194 4269 1393 4356 custoditum,

1155 4378 1190 4427 ,ι
