3575 5334
329 689 391 750 212
728 772 730 776 .
824 689 963 745 Merzdorf

330 869 450 944 exstat,
485 862 593 945 itaque
627 862 724 929 etiam
759 863 889 945 saepius
918 862 978 927 hoo
1012 862 1142 927 nomine
1171 861 1309 928 solutum
1339 868 1458 927 manet.

330 961 415 1026 Nam
448 983 484 1025 οε
519 983 557 1024 οο
591 966 650 1025 eto.
684 967 750 1024 tum
784 959 913 1042 quidem
946 978 1073 1043 semper
1104 958 1352 1038 contrahuntur,
1387 978 1457 1023 eum

330 1058 457 1142 spirans
479 1058 596 1140 aliqua,
620 1057 759 1122 maxime
775 1056 805 1141 j,
828 1058 860 1121 in
883 1057 974 1122 initio
998 1055 1126 1138 quidem
1149 1055 1368 1140 pronuntiata,
1388 1056 1457 1139 jam

330 1155 469 1237 antiquis
491 1154 688 1238 temporibus
710 1154 828 1219 extrita
843 1161 900 1236 est,
924 1154 982 1221 sed
1003 1154 1029 1220 si
1043 1154 1118 1219 talis
1133 1154 1258 1237 spirans
1280 1155 1458 1236 posteriore

328 1258 473 1336 tempore
496 1252 585 1318 velut
606 1258 713 1316 aetate
735 1252 897 1317 homerica
911 1250 1054 1316 nondum
1070 1252 1209 1332 evanuit,
1233 1251 1364 1317 vocales
1387 1271 1459 1315 con·

329 1355 494 1415 currentes
509 1348 648 1432 saepius,
670 1350 810 1413 maxime
829 1348 863 1413 in
878 1351 1088 1416 commissura
1102 1349 1270 1415 verborum
1286 1349 1458 1414 offensioni

329 1466 394 1513 non
424 1451 509 1513 sunt.
553 1445 653 1510 Nulla
675 1452 784 1511 tamen
811 1447 1008 1530 constantia3
1042 1466 1115 1511 nam
1138 1465 1208 1510 cum
1232 1443 1300 1527 πρό
1323 1465 1459 1529 praepo·

331 1544 420 1625 sitio,
455 1543 580 1608 etiamsi
613 1548 690 1608 ante
721 1543 866 1609 vocalem
900 1564 1073 1627 numquam
1101 1544 1237 1627 spiranti
1269 1544 1458 1607 instructam

329 1642 468 1727 ponitur,
492 1658 618 1721 semper
638 1639 847 1705 contractioni
869 1642 1051 1722 resistam),
1081 1641 1221 1721 itemque
1244 1637 1459 1725 δημιοεργός,

330 1733 545 1822 όγαθοεργός
567 1737 637 1801 sim.
659 1738 815 1821 legantur,
845 1740 915 1822 pari
934 1739 1008 1822 jure
1036 1736 1247 1822 ὑπουργέειν,
1278 1734 1458 1820 ἱρουργίαι,

332 1836 542 1918 ξυλουργέειν
575 1854 634 1899 usn
665 1835 808 1901 veniunt.
862 1836 952 1902 Haeo
985 1836 1093 1901 omnia
1125 1833 1169 1900 ad
1201 1832 1295 1898 unius
1327 1836 1459 1916 regulae

332 1953 475 1998 normam
499 1930 644 2014 redigere
659 1930 708 1997 ias
723 1953 788 1998 non
807 1939 865 2015 est,
888 1952 959 1997 cum
981 1932 1094 2015 lingna
1114 1933 1219 1997 ionica
1241 1931 1323 1996 sicut
1347 1951 1458 1997 omnes

332 2036 458 2095 ceterae
487 2030 615 2098 dialecti
644 2029 705 2094 hac
733 2030 766 2096 in
789 2050 824 2096 re
847 2049 884 2095 eo
907 2030 1013 2095 minus
1042 2030 1103 2095 sibi
1134 2035 1281 2094 constare
1309 2030 1458 2111 potnerit,

331 2125 417 2211 quod
445 2127 585 2191 maxime
614 2125 776 2208 digamma
803 2148 869 2193 non
898 2147 961 2191 nno
988 2125 1164 2209 eodemque
1185 2131 1331 2208 tempore
1353 2125 1459 2189 subla·

332 2232 398 2291 tum
429 2232 493 2306 est,
522 2223 580 2289 sed
609 2223 704 2288 modo
733 2224 785 2289 hic
814 2222 910 2287 modo
938 2224 1005 2288 illic
1033 2223 1260 2289 labefactatum
1288 2223 1458 2305 paullatim

333 2322 460 2390 demum
495 2321 720 2387 evanescebat.
765 2323 846 2387 Item
878 2322 1076 2404 singulorum
1108 2322 1298 2404 scriptorum
1327 2321 1399 2385 usui
1430 2327 1460 2385 et

333 2420 552 2486 historicorum
583 2417 806 2483 consuetudini
831 2419 900 2501 jam
930 2426 1006 2485 ante
1033 2418 1231 2484 Herodotum
1262 2418 1334 2483 sine
1364 2418 1459 2482 dubio

332 2519 475 2602 paullum
499 2516 691 2581 constitutae
712 2516 913 2599 aliquantum
933 2516 1174 2583 concedendum
1197 2516 1266 2596 erit,
1289 2523 1325 2579 ut
1346 2536 1461 2582 caven·

335 2614 410 2679 dum
432 2615 483 2693 sit,
506 2633 547 2677 ne
562 2613 723 2679 Herodoto
739 2633 778 2679 ea
793 2614 871 2678 vitio
888 2614 1012 2696 dentur,
1036 2633 1118 2696 quae
1134 2613 1306 2679 universae
1328 2613 1460 2696 linguae

334 2710 450 2775 rationi
484 2709 579 2773 tribui
613 2709 747 2791 debent,
782 2712 969 2795 praesertim
999 2731 1070 2776 oum
1099 2711 1132 2775 in
1162 2710 1260 2775 nullis
1293 2710 1461 2776 vocabulis

334 2807 437 2889 magis
459 2806 626 2872 fluctuetur
647 2828 741 2889 quam
764 2809 797 2873 in
820 2810 1002 2874 nominibus
1024 2807 1171 2892 propriis.
1199 2843 1239 2853 -
1269 2808 1342 2872 Tali
1366 2808 1460 2872 modo

335 2925 405 2970 oum
427 2905 461 2968 in
483 2906 555 2987 ipsa
577 2904 687 2988 lingua
708 2907 923 2988 aequabilitas
941 2928 1007 2972 non
1030 2910 1143 2986 exstet,
1167 2904 1234 2969 fieri
1257 2926 1323 2971 non
1345 2914 1460 2988 potest,

335 3007 370 3067 ut
403 3022 528 3087 semper
561 3010 725 3086 accurate,
763 3022 845 3086 qnae
877 3004 911 3067 in
942 3004 1046 3087 prium
1078 3010 1110 3068 et
1141 3021 1223 3083 quae
1239 3070 1242 3076 ,
1256 3002 1289 3065 in
1320 3002 1462 3068 secunda

335 3100 538 3185 paragrapho
561 3100 730 3166 tractanda
752 3107 841 3183 sunt,
869 3100 953 3167 iuter
977 3120 1013 3167 se
1035 3106 1239 3184 separentur3
1270 3098 1329 3163 sed
1352 3119 1463 3182 saepe·

335 3217 467 3263 numero
498 3198 532 3262 in
561 3198 618 3264 illa
647 3218 705 3265 eae
733 3199 855 3263 formae
884 3198 1123 3263 enumerandae
1151 3202 1239 3275 sunt,
1274 3194 1315 3260 de
1348 3196 1463 3277 quibus

334 3295 471 3361 fortasse
493 3296 615 3377 majore
633 3296 708 3378 jure
729 3296 762 3360 in
785 3293 929 3361 secunda
949 3295 1002 3378 agi
1025 3300 1160 3377 poterat.

420 3392 485 3458 Sed
509 3392 551 3457 ad
573 3395 700 3475 singula
721 3392 874 3459 transibo.

406 3609 439 3673 ⁴⁶)
457 3607 610 3676 Sequuntur
626 3609 689 3663 libri
710 3610 775 3665 noui
798 3610 932 3678 exempla,
962 3612 1053 3663 cetera
1074 3607 1134 3662 vide
1158 3624 1202 3676 ap.
1221 3606 1334 3662 Bredor.
1353 3624 1381 3676 p.
1403 3612 1465 3661 tat:

337 3689 497 3756 προέπεμψε
517 3693 540 3752 1,
558 3691 707 3761 προεκρίθη
727 3694 768 3756 26,
787 3690 923 3761 προέθηκε
941 3693 981 3751 27,
1000 3688 1177 3756 προετείνατο
1197 3692 1229 3741 34
1248 3687 1321 3752 (bis),
1344 3683 1466 3755 προεθύ-

336 3769 417 3837 μέετο
437 3772 468 3822 36
487 3771 667 3840 (προθυμέετο
686 3770 798 3833 Altos),
820 3768 986 3840 προελήλατο
1005 3774 1046 3833 44,
1069 3764 1321 3838 προεξαναστάντες
1338 3771 1380 3831 62,
1400 3786 1468 3838 προ-

300 3907 302 3911 ,
339 3845 508 3907 εξαίσσοντες
537 3855 584 3915 62,
619 3851 774 3920 προέτραπε
801 3855 847 3916 90,
883 3850 1039 3918 προέθεσαν
1064 3855 1112 3916 94,
1148 3846 1396 3918 προεφυλάσσοντο
1426 3853 1468 3914 99,

338 3927 478 3998 προέκειτο
500 3932 555 3995 101,
573 3928 808 3999 προεξαγαγόντες
828 3933 885 3993 196,
904 3930 1078 3996 προέστησαν
1098 3934 1155 3994 107,
1172 3928 1303 3998 προέβαλε
1321 3932 1378 3993 112,
1399 3946 1467 3996 προ-

338 4010 457 4062 ελθοῦσα
478 4013 516 4075 14,
540 4007 689 4080 προάγοιεν
707 4014 747 4078 99,
772 4007 942 4081 προηγόρευε
960 4013 1000 4072 98,
1028 4009 1210 4077 προειρημένη
1232 4014 1272 4074 71,
1296 4008 1426 4079 προέχων
1444 4015 1468 4063 4.

339 4093 381 4154 22,
405 4089 514 4161 προέχει
532 4094 573 4157 27,
597 4093 786 4159 προεστεῶτας
804 4095 845 4158 41,
867 4088 999 4158 προεδρίη
1019 4094 1060 4155 73,
1077 4087 1208 4157 προόπτῳ
1230 4094 1269 4153 17,
1287 4093 1417 4157 προορᾶν
1436 4094 1468 4143 79

339 4168 465 4241 (πρῶραν
482 4169 528 4236 B),
548 4174 677 4238 προεῖπαν
696 4176 719 4235 6,
736 4168 870 4241 προειδώς
890 4174 930 4224 16.
950 4174 991 4223 lt.
