3575 5334
415 697 476 759 430
931 698 1019 753 Cauer

415 879 597 937 transcursu
613 874 731 953 (opusc.
747 868 858 953 philol.
875 890 930 952 pp.
943 872 1005 934 326
1021 876 1052 935 et
1067 872 1197 951 376sq.)
1214 868 1256 935 de
1269 870 1395 951 origine
1410 869 1534 936 dialecti

410 969 538 1033 ¹Atticae
560 975 686 1050 ageret,
716 973 748 1033 et
768 967 1020 1033 Matthiaeus
1050 973 1081 1032 et
1109 966 1401 1048 Thierschius,
1430 967 1485 1049 qui
1504 967 1533 1030 in

414 1065 586 1150 prooemiis
607 1065 776 1146 librorum,
807 1084 886 1146 quos
916 1064 957 1129 de
984 1069 1052 1128 tota
1079 1063 1288 1145 grammatica
1310 1064 1439 1131 Graeca
1467 1083 1534 1129 con·

414 1164 622 1247 scripserunt,
663 1161 723 1227 has
755 1162 959 1243 quaestiones
991 1160 1137 1244 pluribus
1172 1160 1280 1227 verbis
1312 1166 1534 1228 mactaverunt

414 1282 445 1326 v.
468 1260 638 1340 Matthiae,
665 1258 850 1337 „Ausftthrh
873 1257 991 1341 griech.
1016 1257 1180 1322 Gramm.“
1201 1256 1234 1323 Ι8
1262 1261 1388 1342 (1835),
1411 1279 1445 1342 p.
1469 1262 1487 1323 8
1508 1265 1535 1324 ct

415 1356 585 1437 Thiersch‚
620 1355 769 1435 „Griech
798 1355 985 1421 Gramm.“³
1018 1356 1126 1429 (1826)
1159 1374 1191 1438 p.
1217 1360 1265 1421 10.
1316 1357 1416 1438 paulo
1450 1356 1535 1421 ahter

415 1456 454 1521 G.
477 1456 728 1520 Hermannus
753 1459 900 1517 naturam
922 1452 1064 1518 Atthidis
1085 1452 1248 1536 explicare
1269 1452 1448 1534 studuerat,
1472 1472 1535 1517 oum

415 1553 563 1634 catalogo
600 1551 762 1615 doctorum
799 1550 1026 1633 philosophiae
1060 1550 1093 1614 in
1130 1550 1339 1616 universitate
1377 1550 1535 1616 literarum

415 1649 577 1734 Lipsiensi
604 1668 691 1713 anno
716 1648 796 1711 1807
826 1652 1003 1711 creatorum
1033 1646 1296 1724 „ohservationes
1325 1646 1369 1712 dc
1397 1646 1537 1713 Graecae

415 1748 547 1829 linguae
584 1744 752 1810 dialectis“
788 1744 1015 1827 praemitteret.
1068 1744 1110 1809 ah
1143 1744 1277 1826 antiqua
1307 1744 1395 1809 enim
1432 1744 1537 1827 lingua

417 1844 556 1909 omnium
580 1842 772 1907 Graecorum
802 1842 976 1922 communi,
1006 1860 1088 1923 quae
1117 1842 1236 1907 Dorica
1264 1840 1375 1923 luerit,
1406 1842 1537 1925 primam

416 1941 558 2019 „maiore
568 1939 676 2005 cultn“
689 1939 889 2005 immutatam
905 1938 1076 2005 dialectum
1088 1938 1254 2005 Aeolicam
1265 1937 1440 2005 secessisse
1453 1943 1538 2021 putat

416 2036 543 2121 (Opusc.
559 2038 584 2118 l,
607 2057 638 2120 p.
659 2039 716 2101 131
733 2041 802 2119 sq).
838 2035 933 2102 Iones
954 2042 1060 2102 antem
1076 2037 1110 2100 in
1126 2035 1241 2100 Dorico
1264 2053 1413 2100 sermone
1435 2053 1538 2117 perse

415 2153 546 2202 vorasse
574 2140 710 2217 excepta
737 2153 776 2199 ea
802 2141 895 2217 parte
926 2134 1020 2197 huius
1047 2132 1164 2213 trihus,
1198 2151 1280 2214 quae
1307 2131 1421 2198 Asiam
1455 2150 1538 2198 ocen-

415 2239 534 2317 passet.
570 2251 645 2296 nam
668 2230 755 2314 apud
777 2250 848 2297 eam
870 2229 1061 2309 „mitissima
1082 2230 1164 2295 caeli
1185 2227 1340 2314 temperie
1361 2229 1537 2295 invitantc“

415 2330 580 2412 antiquam
603 2328 746 2411 linguam
771 2328 927 2411 paulatim
951 2327 1130 2393 molliorem
1151 2326 1269 2391 factam
1291 2344 1373 2391 esse.
1417 2325 1538 2391 interca

415 2426 631 2493 Athenienses
652 2444 832 2490 sermonem
853 2444 981 2490 suuma
1002 2424 1138 2508 pristino
1160 2429 1244 2488 statu
1268 2426 1399 2506 (nempe
1413 2421 1537 2497 Dorico)

415 2525 461 2589 ita
482 2523 697 2601 abalienasse‚
722 2528 842 2587 utnon
864 2540 968 2605 pauca
990 2540 1008 2590 e
1030 2520 1218 2587 commercio
1240 2519 1377 2584 aliarum
1399 2519 1538 2601 gentium

418 2620 543 2687 delecta
565 2619 595 2684 ei
616 2618 840 2683 immiscerent.
886 2617 1005 2683 deinde
1026 2637 1097 2683 cum
1123 2616 1229 2701 poesis
1252 2622 1284 2682 et
1304 2615 1416 2682 studia
1438 2617 1538 2682 litera·

417 2737 486 2781 rum
509 2736 549 2781 ex
572 2715 684 2778 Ionum
706 2714 918 2779 Asiaticorum
946 2714 1177 2782 consuetudine
1198 2712 1343 2779 Athenas
1365 2713 1540 2797 reciperen·

416 2820 482 2894 tur,
513 2812 610 2877 etiam
641 2809 812 2877 dialectum
839 2812 982 2878 ionicam
1011 2833 1076 2877 non
1104 2812 1257 2879 mediocri
1285 2810 1319 2874 vi
1346 2810 1382 2873 in
1404 2808 1538 2875 Atticam

417 2929 453 2976 se
481 2908 627 2974 intulisse
655 2907 763 2990 itaque
791 2929 942 2991 magnam
964 2911 1055 2975 illam
1081 2907 1323 2975 similitudinem
1345 2906 1492 2973 Atthidis
1512 2912 1540 2973 et

416 3007 505 3074 Iadis
527 3012 629 3070 ortam
653 3023 732 3070 esse.

502 3103 587 3169 hanc
616 3102 808 3168 sententiam
831 3104 1011 3170 accuratius
1032 3104 1093 3169 hoc
1116 3105 1187 3168 loeo
1210 3100 1389 3167 examinari
1411 3119 1540 3167 necesse

417 3222 482 3268 non
511 3205 570 3267 est.
615 3219 699 3282 quae
726 3201 877 3282 quoniam
909 3208 985 3267 ante
1014 3202 1094 3267 haec
1121 3197 1358 3282 quatuordecim
1393 3198 1497 3264 lustra
1521 3217 1540 3262 a

417 3318 540 3364 summo
563 3295 728 3381 philologo
749 3299 916 3380 proposita
930 3308 988 3379 est,
1012 3298 1200 3363 documento
1217 3314 1288 3362 esse
1302 3300 1421 3378 potest,
1444 3316 1539 3378 quan·

417 3402 484 3460 tum
512 3413 570 3477 per
598 3394 659 3460 hoc
687 3400 814 3478 tempus
842 3396 1060 3478 comparativo
1088 3394 1193 3460 studio
1221 3393 1405 3475 linguarum
1431 3392 1540 3457 adiuta

418 3491 556 3573 cognitio
577 3491 708 3573 linguae
731 3492 875 3557 Graecae
897 3498 1049 3575 provecta
1070 3492 1126 3574 sit3
1153 3511 1218 3555 non
1239 3486 1322 3553 illud
1344 3487 1494 3569 quidem,
1516 3487 1540 3552 si

417 3587 636 3670 quaestionem
668 3588 708 3654 de
737 3588 874 3655 dialecto
902 3589 1010 3654 Attica
1039 3595 1236 3672 spectamus,
1270 3587 1304 3650 in
1332 3584 1429 3650 rebus
1465 3585 1540 3668 ipsis

417 3693 502 3761 lnam
525 3683 567 3750 de
588 3685 711 3767 origine
740 3686 834 3752 huius
863 3685 992 3751 dialecti
1021 3706 1062 3752 ne
1089 3705 1174 3751 nunc
1200 3682 1328 3767 quidem
1352 3681 1432 3746 certi
1456 3682 1540 3764 quic

418 3801 513 3862 quam
535 3781 673 3863 scimus),
696 3781 810 3848 sedin
832 3784 887 3849 via
907 3802 945 3847 ac
967 3783 1099 3865 ratione,
1123 3803 1187 3865 qua
1207 3802 1259 3848 res
1280 3783 1485 3864 inquirantur
1505 3801 1540 3847 ac

417 3877 627 3960 disputentur.
672 3879 769 3945 hodie
791 3880 876 3945 enim
898 3899 993 3945 nemo
1015 3879 1117 3945 credit
1138 3899 1179 3946 ex
1200 3900 1265 3945 una
1287 3880 1410 3963 lingua,
1433 3899 1540 3961 quam-

417 3973 467 4038 vis
495 3974 597 4039 maior
624 3975 722 4057 aliqui
755 3978 857 4042 cultus
887 3984 919 4043 et
946 3977 1028 4043 caeli
1053 3977 1219 4059 victusque
1249 3976 1420 4043 diversitas
1453 3994 1539 4041 acec-

418 4069 545 4153 derent,
573 4076 681 4137 tamen
709 4071 776 4138 lere
804 4079 839 4138 ut
866 4074 984 4139 tonitru
1012 4094 1070 4158 per
1097 4094 1210 4158 purum
1232 4075 1369 4141 alteram
1398 4073 1538 4155 linguam

418 4166 493 4230 oriri
519 4167 675 4249 potuisse,
710 4169 824 4235 saltem
856 4189 894 4237 ea
923 4177 1046 4252 aetate,
1081 4191 1176 4254 quam
1204 4192 1264 4238 nos
1292 4169 1481 4237 coniciendo
1509 4174 1538 4234 et

417 4262 638 4329 ratiocinando
668 4266 795 4347 assequi
824 4268 999 4350 possimus3
1029 4268 1087 4333 sed
1115 4268 1332 4334 intelleximus
1360 4270 1469 4335 varias
1493 4268 1537 4333 in·
