3575 5334
394 655 455 716 178
887 654 1028 709 Merzdcrt

393 830 573 914 spectat²⁵),
605 828 643 894 ef.
672 847 805 911 gramm.
834 826 965 893 Meerm.
995 848 1026 910 p.
1051 830 1112 891 655
1142 828 1235 907 631.
1281 825 1417 893 Codices
1445 847 1519 893 vero

391 928 439 993 ita
465 927 602 993 instituti
631 932 720 1006 sunt,
755 931 789 990 ut
821 925 1009 1008 plerumque
1038 924 1104 987 AB
1136 924 1190 1001 (de
1219 924 1335 1007 quibus
1363 945 1394 990 v.
1421 924 1520 992 Steiu.

392 1025 493 1110 prael.
517 1047 548 1109 p.
572 1023 671 1088 XXII
686 1026 768 1105 squ.)
790 1022 925 1087 sormam
949 1028 1155 1105 contractam,
1185 1041 1297 1089 omnes
1318 1022 1418 1088 ceteri
1440 1022 1523 1088 solu·

391 1130 458 1189 tam
481 1122 665 1202 exhibeant,
688 1126 724 1185 ut
739 1119 780 1186 de
794 1139 873 1186 vera
894 1120 996 1184 forma
1018 1119 1159 1185 dubitari
1181 1125 1340 1203 nequeat,
1360 1118 1523 1185 interdum

392 1227 428 1287 ut
449 1220 544 1286 facile
566 1219 609 1299 fit,
633 1216 777 1283 codicum
799 1217 881 1282 ratio
904 1216 1167 1300 paullodivcrsa
1189 1222 1248 1299 est,
1274 1216 1360 1299 quod
1382 1219 1436 1284 vel
1459 1217 1523 1280 AB

391 1319 526 1384 formam
549 1317 686 1384 solutam
709 1315 762 1381 vel
784 1314 921 1380 hic'illic
938 1314 1021 1379 alius
1036 1314 1138 1380 codex
1160 1320 1357 1380 contractam
1379 1314 1523 1379 exhibet.

393 1414 517 1482 Eodem
539 1414 635 1479 modo
659 1426 692 1478 ει·
712 1419 867 1494 servatur,
898 1412 925 1477 si
948 1435 969 1474 α
991 1411 1170 1477 antecedit:
1208 1407 1301 1477 εὐαέι
1322 1412 1355 1476 ΙΙ
1380 1414 1440 1475 117
1472 1410 1524 1489 (ci.

393 1510 515 1589 ἀδαέες
540 1514 560 1592 5
582 1512 663 1588 3).²⁶)

480 1611 584 1675 Etiam
608 1609 641 1673 in
658 1607 911 1675 derivationibus
926 1620 960 1671 ει·
973 1626 1037 1671 nou
1054 1606 1199 1672 contrahi
1214 1627 1278 1672 uno
1293 1606 1392 1671 verbo
1408 1624 1525 1671 moneo

395 1706 669 1792 Βορυσθενεῗται
698 1705 744 1771 IV
771 1709 818 1769 17.
851 1707 899 1771 18.
929 1707 970 1769 78
993 1704 1077 1780 (bis).
1105 1699 1147 1767 79
1172 1708 1244 1783 (ter)
1271 1703 1326 1768 ubi
1347 1703 1449 1766 ABR
1470 1704 1524 1769 vel

396 1829 427 1870 ει
450 1805 502 1870 vel
527 1829 538 1868 ι
562 1804 690 1884 habent,
717 1808 752 1867 ut
774 1802 819 1867 IV
843 1806 882 1867 53
907 1806 1178 1886 Βορυσθενεῖται
1201 1801 1243 1880 R,
1269 1806 1526 1886 Βορυσθενῖται

395 1903 491 1969 ceteri
514 1902 645 1967 habent.
689 1905 847 1984 κρανέϊνα
870 1899 932 1964 Vll
955 1902 995 1962 92
1020 1904 1171 1983 (κρανέϊα
1196 1897 1247 1977 C),
1275 1897 1421 1985 ’ἰτεΐνῃσι
1443 1897 1525 1979 (ἰτε-

395 2001 467 2085 ϊφοι
491 2000 522 2074 d)
545 1998 591 2063 IV
615 2003 654 2063 67
679 2018 748 2065 cum
771 1998 822 2064 his
844 1996 1091 2079 conjungantur.

913 2253 933 2331 ε
960 2256 1008 2315 ιο.

481 2389 538 2454 His
561 2389 656 2454 rebus
679 2388 882 2471 pertractatis
897 2408 963 2452 non
977 2384 1214 2453 incommodum
1237 2390 1285 2451 est
1300 2403 1339 2451 ea
1362 2385 1524 2468 colligere,

395 2505 478 2569 quae
501 2485 607 2551 adhue
627 2486 818 2551 invenimus.
861 2485 901 2549 In
929 2485 1113 2551 universum
1136 2482 1221 2577 jam.
1236 2502 1330 2548 nemo
1354 2480 1525 2572 dubitabit,

395 2584 471 2667 quin
496 2603 554 2649 eae
576 2583 704 2648 vocales
727 2589 966 2664 concurrentes,
990 2602 1124 2664 quarum
1146 2581 1233 2664 prior
1255 2605 1271 2646 ε
1294 2587 1353 2662 est,
1376 2580 1419 2645 ab
1442 2578 1526 2644 Ioni·

395 2680 455 2745 bus
484 2699 548 2744 non
578 2679 718 2745 evitatae
746 2680 820 2745 sint.
864 2678 931 2745 Sed
953 2698 1072 2761 quaero
1101 2699 1177 2743 num
1207 2678 1268 2744 hac
1295 2677 1328 2743 in
1351 2696 1387 2743 re
1409 2676 1524 2741 mirum

396 2775 558 2858 quoddam
587 2776 700 2840 Ionum
730 2776 870 2843 studium
900 2776 1058 2841 vocalium
1088 2777 1343 2863 concurrentium
1369 2774 1525 2856 conspici-

394 2874 470 2939 tur?
514 2872 722 2939 Conferamus
750 2874 938 2940 brevissime
968 2873 1125 2940 dialectos
1159 2873 1283 2940 doricas
1312 2881 1345 2940 et
1372 2872 1524 2952 aeolicae,

395 2991 471 3035 nam
494 2970 623 3037 atticam
646 2971 871 3051 contractionis
893 2972 1148 3039 amantissimam
1171 2971 1269 3038 luisse
1287 2971 1357 3055 jam
1375 2993 1396 3038 a
1412 2972 1525 3040 veteri·

395 3069 455 3135 bus
477 3068 674 3134 intellectum
699 3075 747 3135 est
769 3069 807 3134 ot.
831 3068 926 3151 Greg.
947 3068 1017 3135 Gor.
1040 3092 1072 3154 p.
1092 3073 1162 3135 168.
1186 3073 1248 3134 645
1270 3080 1345 3146 ταῖς
1368 3071 1525 3135 συναλοι-

396 3177 480 3252 φαῖς
504 3163 699 3249 κατακόρως
719 3173 851 3253 χρῆται,
874 3189 906 3250 p.
922 3170 984 3232 679
1007 3174 1038 3244 (e
1060 3167 1131 3233 eod.
1154 3167 1268 3244 Paria.)
1291 3168 1378 3247 §la
1410 3172 1525 3234 συναί-

396 3286 490 3347 ρεοις
507 3262 543 3329 δὲ
560 3258 640 3327 ὅταν
658 3260 718 3328 δύο
742 3262 921 3349 φωνήεντα
945 3262 1155 3351 συνάπτιγται
1178 3262 1228 3341 εἰς
1252 3262 1445 3350 δίφθογγον
1467 3266 1523 3332 καὶ

388 3356 573 3445 ἀμφότερα
597 3358 814 3447 φυλάττηται,
838 3358 856 3426 ὃ
879 3367 1007 3446 γίνεται
1030 3360 1065 3428 ἓν
1087 3367 1136 3448 τῷ
1159 3359 1248 3445 ἔγχει
1271 3363 1328 3426 καὶ
1350 3363 1446 3445 βέλει
1468 3363 1525 3429 καὶ

394 3467 467 3532 τοῖς
489 3454 667 3533 τοιούτοις.
706 3456 779 3523 ’ἐστι
804 3457 839 3524 δὲ
864 3455 993 3545 (iactari.

402 3585 605 3595 ---

464 3640 498 3704 25)
523 3638 624 3693 Contra
642 3641 714 3707 quod
731 3656 757 3709 p.
777 3645 827 3695 426
845 3642 959 3697 dicitur:
991 3639 1021 3694 oi
1038 3640 1184 3710 διαιρέσεις
1203 3644 1259 3694 τῶν
1276 3639 1314 3700 εἷς
1335 3646 1361 3697 εἶ
1381 3638 1524 3711 ληγόντων

394 3718 493 3774 ἑνικῶν
512 3718 628 3770 dcccxciv
640 3715 745 3771 Ἰιόνων
768 3718 819 3774 εἶσὶ
843 3723 916 3789 βέλεϊ
932 3719 994 3775 ἀντὶ
1012 3723 1062 3774 τοῦ
1086 3722 1171 3789 βέλει,
1199 3720 1275 3792 ἔγχεϊ
1291 3720 1353 3776 ἀντὶ
1372 3724 1424 3776 τοῦ
1440 3721 1519 3793 ἔγχει.

389 3796 522 3869 Ὅμηροςε
559 3797 619 3853 ἐνθ’
645 3790 679 3852 αὖ
707 3800 819 3871 Τυδείδῃ
844 3803 978 3872 Διομήδεϊ
997 3822 1020 3857 ιι.
1040 3821 1064 3858 τ.
1081 3803 1103 3856 λ.
1129 3803 1266 3859 homerico
1291 3804 1414 3873 exemplo
1440 3804 1522 3859 allato

394 3881 430 3936 ad
446 3881 614 3936 Herodotum
631 3880 699 3935 nihil
716 3882 806 3937 valere
824 3887 924 3951 potest.
1136 3948 1139 3953 y

463 3963 497 4028 ²⁶)
513 3961 608 4016 Pauca
624 3962 747 4030 exempla
765 3969 925 4031 sequantur:
946 3961 1035 4034 Ἀργει
1052 3962 1091 4018 VI
1110 3967 1142 4018 76
1160 3962 1199 4016 lx
1217 3968 1250 4019 34
1267 3963 1329 4032 AB,
1346 3959 1407 4017 ἔπει
1423 3963 1465 4018 1Π
1483 3967 1523 4018 82.

396 4046 443 4097 130
461 4041 567 4107 ABPd,
592 4039 676 4094 ἔτειῙ
697 4046 734 4095 19.
754 4046 794 4096 74.
822 4046 868 4097 108
892 4043 933 4097 III
953 4049 994 4098 47.
1017 4048 1058 4097 59.
1079 4047 1125 4097 131
1149 4043 1189 4099 IV
1209 4049 1248 4099 11.
1267 4048 1308 4099 42.
1327 4047 1369 4097 95.
1397 4049 1446 4099 158
1463 4044 1524 4108 AB,

392 4120 419 4175 Π
440 4127 482 4176 111
504 4121 585 4188 Asd3
610 4114 666 4181 ι’ξέι
682 4120 711 4173 II
729 4126 760 4175 86
781 4121 810 4176 in
828 4123 960 4188 omnibus,
979 4121 1091 4183 tecvm
1108 4128 1123 4176 8
1141 4122 1172 4177 in‘
1187 4123 1267 4190 ABd,
1290 4122 1445 4193 ἑπταπήχεϊ
1460 4126 1474 4179 l
1491 4128 1523 4179 68

391 4201 421 4255 in
439 4202 576 4268 omnibuS‚
601 4197 750 4270 ἓπιαπιὶχει
766 4202 805 4256 VI
822 4207 864 4257 14.
886 4207 932 4258 111
951 4203 979 4258 in
996 4203 1059 4269 AB,
1077 4207 1160 4273 παχεῖ
1173 4204 1200 4259 Π
1219 4208 1267 4259 131
1285 4204 1314 4259 in
1328 4203 1408 4272 ABd,
1427 4210 1525 4275 βραχεῖ

392 4278 418 4334 V
436 4285 468 4334 24
485 4282 561 4347 ABr,
578 4281 631 4336 VII
648 4286 681 4336 46
698 4283 755 4347 ΑΒ,
773 4283 874 4337 πελέκει
891 4283 931 4339 VI
948 4287 996 4337 39:
1013 4289 1059 4338 114
1077 4284 1139 4339 ΑΒ.
