3575 5334
747 700 780 755 de
797 701 879 771 alpha
896 700 1037 757 intensivc.
1416 699 1454 759 17

414 872 562 955 Apparet
593 872 741 936 Latinam
769 872 928 955 linguam,
966 892 1037 937 curn
1066 893 1129 937 uno
1157 872 1299 957 praefixo
1327 874 1360 935 in
1388 895 1454 940 non

328 969 432 1034 solum
463 968 525 1032 duo
557 970 716 1034 vocabula
746 968 893 1035 diversae
922 970 1054 1052 originis
1082 989 1120 1035 ac
1148 971 1288 1036 notionis
1313 979 1455 1055 'compre-

328 1065 452 1131 hendat
476 1084 585 1130 verum
609 1066 706 1131 etiam
729 1066 872 1150 ejusdem
889 1068 998 1151 stirpis
1022 1067 1166 1133 diversas
1188 1069 1454 1152 praepositiones,

329 1182 411 1245 quae
434 1163 569 1228 decursu
592 1164 745 1246 tempor-is
767 1163 799 1228 in
823 1164 960 1230 eandem
983 1166 1117 1229 formam
1140 1167 1327 1248 coaluerint,
1357 1175 1390 1232 et
1411 1168 1453 1231 ab

329 1260 452 1343 Italicis
482 1260 629 1326 dialectis
651 1268 683 1325 et
704 1281 724 1326 a
746 1261 859 1327 ceteris
881 1262 1001 1343 linguis
1024 1262 1297 1345 Indogermanicis
1323 1263 1454 1343 distare,

329 1358 383 1422 ubi
412 1364 581 1439 utrumque
614 1356 788 1441 praefixum
818 1359 914 1424 etiam
948 1360 1050 1424 torma
1078 1360 1119 1424 sit
1148 1360 1341 1425 distinctum.
1386 1361 1455 1426 Nec

329 1456 494 1521 tamenin
523 1455 574 1520 his
603 1458 754 1538 negativa
784 1456 975 1539 significatio
1004 1457 1120 1522 clarius
1146 1458 1335 1540 perspicitur
1357 1477 1453 1539 quam

329 1552 361 1616 in
389 1553 448 1616 illa
477 1572 581 1634 neque
607 1574 742 1636 usquam
771 1573 789 1618 e
812 1554 927 1618 Latino
949 1554 981 1616 ic
1010 1554 1151 1637 praefixo
1178 1554 1329 1637 negativo
1351 1555 1455 1620 inten-

329 1651 430 1715 sivam
466 1649 628 1716 notionem
660 1649 791 1716 fluxisse
819 1652 871 1715 vel
901 1651 1116 1717 Doederlinus
1151 1658 1186 1715 ut
1215 1651 1353 1718 vidimus
1382 1672 1454 1736 pro·

331 1747 418 1811 bavit
435 1746 488 1813 vel
503 1746 560 1811 alii
582 1754 753 1831 potuerunt
768 1747 926 1813 evincere.
956 1749 1079 1831 Itaque,
1102 1749 1283 1831 ubicunque
1305 1750 1453 1814 vocabuli

327 1842 518 1927 significatio
557 1844 716 1928 praefixo·
738 1846 770 1907 ic
807 1846 918 1927 augeri
961 1851 1057 1929 atque
1093 1845 1281 1930 amplificari
1317 1846 1452 1928 videtur,

331 1940 566 2024 praepositione
589 1945 620 2004 in
642 1942 676 2007 id
698 1942 844 2008 effectum
874 1961 946 2007 esse
968 1944 1172 2009 statuendum
1196 1951 1254 2010 est.
1294 1945 1341 2007 Ac
1362 1963 1455 2027 prae·

330 2039 422 2122 cipue
444 2058 463 2104 e
484 2040 653 2104 verborum
675 2040 906 2123 compositione
928 2040 1110 2123 perspicere
1131 2041 1223 2123 licet,
1246 2060 1341 2123 quam
1364 2043 1455 2106 varia

330 2136 454 2201 ratione
481 2137 563 2202 haec
594 2137 789 2220 praepositio
819 2156 949 2202 sensum
976 2136 1170 2202 intensivum
1201 2136 1326 2203 efficere
1352 2138 1454 2220 possit

330 2254 393 2298 non
417 2234 587 2300 obscurata
608 2234 739 2300 notione
762 2233 937 2317 primitiva.

413 2330 499 2408 Quid
514 2329 632 2412 igitur?
654 2331 817 2415 primitiva
837 2331 897 2395 illa
911 2330 998 2395 notio
1022 2330 1142 2414 duplex
1160 2350 1231 2420 esse
1251 2336 1375 2413 potest:
1398 2337 1454 2394 aut

331 2427 415 2492 enim
438 2427 586 2492 Latinum
616 2430 647 2489 iu
670 2427 815 2494 Graecae
838 2425 887 2503 εἷς
920 2428 1151 2511 praepositioni
1178 2434 1233 2492 aut
1261 2425 1296 2492 ἐν
1324 2446 1453 2511 respon-

331 2523 405 2591 dere
426 2524 653 2591 intelleximus.
696 2525 731 2590 Si
753 2525 785 2587 ia
807 2523 892 2590 idem
916 2525 1072 2607 estquod
1095 2523 1130 2591 ἒν
1152 2524 1337 2606 indicatque
1358 2524 1455 2589 actio·
1553 2517 1556 2524 ’

331 2642 402 2688 nem
418 2622 509 2687 verbi
524 2623 576 2688 vel
599 2623 707 2705 aliquo
730 2625 800 2687 loco
822 2622 891 2687 sive
911 2622 1021 2704 aliqua
1036 2622 1203 2688 occasione
1225 2620 1292 2687 fieri
1307 2628 1341 2686 ut
1355 2622 1455 2683 ianm-

333 2719 438 2783 tutore
460 2719 569 2802 aliquo
590 2720 660 2784 loco
683 2719 864 2800 ambulare,
888 2720 1049 2781 incantore
1069 2720 1103 2784 in
1126 2720 1235 2802 aliqua
1257 2725 1453 2799 recantare,

333 2818 381 2882 vel
396 2816 485 2881 intus
500 2836 570 2882 eam
587 2816 655 2883 sive
670 2836 711 2879 ex
725 2816 877 2881 intestino
894 2814 971 2897 fieri,
988 2823 1022 2880 ut
1036 2817 1242 2894 inardescere,
1255 2817 1452 2894 incalescere,

332 2914 399 2996 quis
429 2919 479 2979 est
508 2914 562 2995 qui
570 2933 589 2994 ,⁴
612 2913 738 2979 etiamsi
767 2918 864 2995 neget
887 2932 926 2979 ea
952 2914 1076 2979 ratione
1098 2912 1361 2996 significationem
1384 2934 1455 2980 ver·

332 3011 435 3077 balem
471 3010 580 3094 augeri
613 3029 723 3094 posse,
758 3011 829 3093 plus
859 3015 966 3075 tamen
996 3032 1060 3076 non
1089 3011 1245 3077 concedat
1276 3012 1453 3094 composito

332 3108 427 3174 verbo
450 3108 606 3173 contineri
629 3125 724 3190 quam
753 3106 917 3190 simplici?
960 3107 1016 3173 Sin
1045 3115 1151 3173 autem
1175 3111 1206 3169 io
1229 3108 1372 3173 Graecae
1401 3108 1452 3185 εἰς

332 3205 561 3289 praepositioni
594 3201 769 3288 respondet
800 3211 833 3269 et
864 3205 1072 3270 directionem
1101 3202 1264 3286 quandam
1292 3206 1452 3288 exprimit,

332 3302 419 3369 verbi
442 3302 602 3368 actionem
623 3302 731 3383 aliquo
755 3300 849 3383 dirigi
871 3300 1051 3383 significare
1073 3306 1179 3385 potest
1200 3301 1251 3365 vel
1275 3300 1322 3366 ita
1344 3309 1378 3366 ut
1399 3303 1452 3385 qui

331 3399 477 3481 loquatur
499 3398 622 3482 aliquid
644 3400 678 3463 in
700 3398 841 3479 aliquem
863 3397 969 3463 facere
993 3398 1127 3479 dicatur,
1155 3399 1207 3463 vel
1229 3398 1285 3478 ita,
1308 3405 1343 3463 ut
1364 3401 1453 3465 notio

332 3497 421 3561 verbi
460 3497 632 3581 praecipue
671 3494 864 3561 intransitivi
901 3495 930 3561 ei
961 3497 1015 3578 qui
1048 3496 1198 3577 loquatur
1231 3498 1322 3577 quasi
1357 3499 1453 3565 obvia

332 3592 405 3657 ferri
428 3593 587 3658 videatur.

414 3692 520 3772 Atque
548 3691 628 3756 haec
650 3690 861 3756 subtilissima
883 3689 1124 3773 significationis
1147 3690 1347 3770 discrimina,
1371 3711 1454 3773 quae

332 3806 394 3850 non
417 3808 489 3851 raro
519 3788 553 3851 in
581 3787 694 3853 eodem
722 3786 821 3852 verbo
850 3794 944 3869 prout
970 3806 1111 3853 conexus
1134 3789 1365 3854 sententiarum
1394 3790 1455 3855 tert

333 3883 503 3967 conjuncta
533 3884 757 3963 inveniuntur,
790 3891 901 3950 nostra
932 3885 1041 3967 lingua
1074 3884 1166 3950 reddi
1198 3893 1362 3967 nequeunt
1391 3887 1453 3951 nisi

335 3979 467 4048 diversis
497 3980 788 4065 praepositionibus
811 4002 875 4060 aa,
902 3983 967 4043 εἰη·
989 3982 1042 4046 vel
1063 3982 1130 4047 alia
1152 3981 1452 4065 circumscriptione.

333 4075 383 4142 Sic
397 4078 547 4143 Latinum
569 4079 744 4141 increscere
766 4079 918 4144 vertimus
939 4078 1128 4157 carmucdsen,
1152 4079 1210 4144 sed
1232 4084 1374 4144 nostrum
1398 4101 1454 4141 cn-

334 4174 470 4238 woctsea
499 4176 627 4260 proprie
655 4174 814 4258 significat
842 4174 932 4240 aliud
960 4175 1003 4240 ad
1030 4175 1120 4240 aliud
1142 4193 1325 4241 accrescere
1353 4180 1385 4239 et
1414 4196 1454 4242 ca

338 4272 546 4337 cumulatione
575 4273 743 4355 paullatim
766 4272 931 4338 crescendi
952 4272 1113 4337 notionem
1136 4273 1265 4355 augeri,
1291 4272 1454 4332 inauratura
1542 4274 1545 4280 '

384 4369 492 4422 cunnus,
507 4372 601 4414 Studien
615 4371 674 4413 vm.
1235 4374 1250 4423 2
