3575 5334
409 685 448 745 16
925 686 1025 739 (llemm

405 861 439 926 in
463 858 624 924 adverbiis
647 855 744 934 πόσε,
774 852 892 938 duduc,
922 854 1036 939 ὁμόσε,
1066 856 1197 943 τηλόσε,
1223 852 1344 940 ὑψόσε,
1368 855 1528 934 πάντοσε,

407 954 548 1022 analdus
571 956 644 1021 aliis
666 956 826 1021 invenitur
841 964 873 1021 et
888 977 949 1038 quo
966 976 1058 1021 nemo
1081 957 1181 1021 nescit
1205 956 1410 1021 directionem
1434 954 1531 1036 signi-

407 1054 493 1120 ficari
517 1055 557 1119 ad
580 1053 719 1135 aliquem
746 1055 861 1118 locum.

471 1155 575 1235 Atque
602 1153 663 1216 boc
685 1172 741 1215 -σε
771 1152 886 1233 quihus
908 1151 1103 1234 Kisslingius
1131 1151 1164 1215 in
1188 1152 1308 1215 Kuhnii
1331 1150 1411 1214 diar.
1435 1148 1529 1215 XVII

408 1254 469 1316 209
486 1270 532 1331 sq.
562 1248 746 1331 probaverit
774 1269 831 1330 pro
855 1270 914 1312 ors
938 1250 958 1313 i.
981 1267 1008 1313 e.
1032 1270 1085 1310 rou
1108 1267 1180 1314 esse
1201 1284 1245 1295 —
1273 1249 1368 1313 aliter
1390 1248 1531 1331 explicat

408 1349 592 1424 Schererns,
623 1346 725 1430 symb.
749 1345 791 1409 ad
813 1346 886 1411 hist.
909 1366 1042 1427 gramm.
1065 1347 1171 1411 Germ.
1195 1367 1225 1428 p.
1243 1350 1303 1409 307
1327 1382 1378 1425 —,
1401 1346 1422 1408 ii
1446 1345 1530 1409 loca-

407 1448 507 1511 tivum
535 1445 617 1527 plur.
648 1441 740 1508 ἒν-σε
765 1464 834 1507 cum
864 1445 1002 1509 locativo
1031 1445 1112 1525 sing.
1137 1442 1204 1508 ἒν-ι’
1233 1464 1297 1507 uon
1327 1442 1421 1507 aliter
1447 1461 1529 1505 oom-

407 1544 567 1627 parabunt
587 1548 683 1621 atque
704 1535 833 1622 ὑψό-σε
856 1560 927 1605 cum
950 1536 1016 1621 tut
1037 1549 1068 1606 ct
1090 1538 1215 1625 ἀμφί-ς
1230 1561 1300 1604 curu
1317 1537 1415 1623 ἀμφὶ.
1447 1540 1529 1603 Nam

409 1642 442 1705 in
469 1640 508 1705 iis
537 1655 662 1723 quoque
684 1637 794 1703 formis
822 1646 857 1703 ut
882 1635 1005 1723 ἀμφίς,
1035 1636 1087 1717 ἐξ,
1116 1636 1192 1717 λάξ,
1224 1634 1322 1719 ὀδάξ,
1351 1635 1430 1720 yut&
1457 1637 1531 1701 aliis

408 1736 605 1820 Kisslingius
634 1740 654 1802 l.
684 1739 706 1802 l.
735 1758 765 1820 p.
790 1741 851 1799 215
870 1756 916 1818 sq.
946 1737 1100 1802 locativos
1129 1737 1211 1819 plur.
1241 1737 1399 1817 agnoscit,
1434 1734 1530 1797 modo

409 1835 598 1917 significatio
624 1836 692 1918 jam
722 1854 764 1899 ne
792 1835 833 1898 sit
862 1833 1053 1917 primigenia
1080 1835 1138 1897 illa
1161 1835 1271 1898 localis
1294 1834 1352 1898 sed
1375 1834 1531 1915 posterior

407 1931 670 1998 instrumentalis.
716 1931 808 1997 Certe
840 1931 969 2013 quidem
999 1952 1016 1995 e
1046 1932 1147 1996 forma
1170 1928 1251 1995 4ἒνσε
1281 1931 1375 1994 etiam
1405 1929 1531 1993 facilius

411 2029 559 2093 Doricum
590 2028 644 2105 ἑνς
673 2050 768 2111 quarn
797 2048 838 2093 ex
867 2027 971 2104 ἑν-ι-ς
993 2030 1082 2094 nasci
1104 2029 1207 2112 potuit
1240 2029 1290 2100 (cl.
1314 2027 1456 2107 Ahrens,
1491 2026 1531 2091 dc

411 2126 486 2191 dial.
510 2128 584 2192 Dor.
608 2149 639 2211 p.
664 2130 754 2205 3585,
789 2134 835 2206 et,
865 2126 950 2208 quod
979 2147 1136 2207 nusquam
1164 2126 1197 2189 iu
1227 2125 1387 2191 severiore
1411 2125 1531 2189 Doride

411 2220 452 2307 rig
473 2224 644 2303 invenitur,
668 2224 701 2288 id
724 2245 787 2288 non
811 2225 914 2305 magis
937 2224 1104 2288 offensioni
1127 2232 1175 2289 cst
1197 2244 1293 2307 quam
1316 2223 1342 2287 si
1365 2223 1462 2287 aliam
1486 2242 1531 2288 se·

411 2322 535 2402 quimur
573 2320 829 2404 explicationem.
892 2323 998 2385 Attica
1039 2341 1115 2385 vero
1158 2330 1188 2385 et
1229 2322 1362 2384 mitioris
1403 2323 1532 2385 Doridis

410 2417 511 2483 forma
535 2417 584 2495 εἷς
607 2419 814 2501 productione
837 2419 1034 2500 suppletoria
1063 2425 1131 2481 orta
1155 2425 1217 2498 est,
1248 2419 1332 2499 quod
1361 2420 1532 2502 perpaucis

409 2516 566 2599 exemplis
589 2523 740 2580 exaratae
756 2515 948 2597 diphthongi
970 2535 1034 2578 non
1051 2514 1213 2595 refutatur,
1237 2536 1319 2597 quae
1341 2525 1416 2581 aute
1431 2518 1533 2582 Eucli-

410 2611 482 2676 dem
516 2613 549 2675 in
583 2612 682 2677 titulis
715 2611 906 2692 quibusdam
931 2612 1025 2694 juxta
1052 2612 1203 2677 usitatum
1233 2617 1290 2676 ΕΣ
1316 2614 1532 2695 inveniuntur,

411 2708 485 2790 quia
513 2710 647 2774 forsitan
678 2709 925 2791 praepositionis
953 2709 1075 2774 vocalis
1107 2728 1335 2791 nonnunquam
1365 2711 1407 2774 ad
1437 2730 1533 2777 verae

411 2805 601 2889 diphthongi
623 2806 915 2889 pronuntiationem
939 2826 1038 2889 prope
1059 2809 1238 2873 accesserit.
1270 2809 1344 2872 Post
1366 2809 1531 2874 Euclidem

412 2905 488 2965 ΕΙΣ
522 2903 676 2968 exarandi
709 2923 800 2968 usum
834 2903 1030 2968 increbuisse
1065 2904 1158 2969 docet
1192 2905 1428 2984 Weckleinius,
1469 2927 1531 2971 cur.

412 2999 511 3081 epigr.
534 3020 565 3082 p.
590 3004 640 3064 58.
684 3002 720 3064 ln
752 3000 898 3065 dialectis
928 3001 1117 3082 quibusdam
1148 3002 1278 3067 Graecis
1307 3000 1379 3077 ἒν-ς
1404 3004 1533 3085 abjecta

411 3094 499 3161 finali
521 3117 662 3162 consona
683 3098 716 3161 in
740 3096 774 3162 ἓν
797 3098 971 3183 mutilatur,
995 3099 1079 3181 quod
1102 3119 1180 3164 cave
1199 3118 1244 3163 ue
1266 3119 1336 3163 curu
1353 3098 1389 3165 ἐν
1409 3121 1467 3183 pro
1484 3098 1536 3165 ἔνι’
1560 3107 1565 3118 ’

411 3195 598 3275 confundas,
623 3202 745 3259 etcum
769 3198 951 3260 accusativo
971 3197 1083 3261 eadem
1107 3196 1340 3277 significatione
1363 3203 1460 3278 atque
1484 3195 1534 3273 εἷς

411 3292 613 3375 conjungitur
641 3293 729 3357 velut
757 3292 845 3375 apud
874 3294 1018 3375 Delphos
1047 3294 1097 3362 (cf.
1128 3292 1268 3372 Curtius,
1303 3302 1363 3357 act.
1392 3314 1458 3359 soc.
1487 3296 1533 3358 lit.

411 3408 476 3469 reg.
500 3389 576 3453 Sax.
605 3392 684 3452 1864
713 3410 744 3471 p.
768 3392 841 3466 229)
872 3397 904 3454 et
934 3392 1020 3472 apud
1049 3392 1225 3455 Locrenses
1254 3392 1303 3465 (cl.
1335 3391 1470 3457 Alienus
1501 3392 1533 3455 in

413 3484 497 3549 Ourt.
513 3485 597 3551 stud.
614 3485 664 3549 ΙΙΙ
679 3488 763 3562 274).
802 3486 865 3551 Ubi
888 3485 943 3561 ἒνς
965 3488 998 3551 in
1022 3485 1072 3562 ἰνς
1095 3487 1295 3553 debilitatum
1319 3496 1396 3568 erat,
1420 3489 1534 3553 eodem

413 3581 507 3646 modo
531 3580 561 3645 ἰν
584 3602 654 3646 cum
681 3583 863 3646 accusativo
886 3580 1090 3665 conjunctum
1117 3586 1211 3650 facile
1237 3585 1424 3667 explicatur,
1449 3586 1535 3668 quod

335 3707 339 3713 ’
412 3686 517 3744 exstat
539 3685 571 3743 in
589 3678 732 3760 dialecto
748 3677 906 3743 Arcadica
929 3681 979 3757 (cl.
997 3681 1162 3747 Gelbkeus
1184 3685 1217 3747 iu
1234 3682 1319 3747 Ourt.
1335 3682 1417 3747 stud.
1435 3683 1466 3746 Il
1487 3687 1535 3757 17)

413 3783 444 3841 et
465 3778 498 3838 in
523 3775 660 3858 prrica
683 3775 733 3851 (cf.
758 3776 926 3841 Deeckeus
954 3784 984 3842 et
1007 3778 1230 3860 sigismundus
1252 3782 1293 3844 ib.
1317 3779 1378 3843 VII
1402 3783 1485 3855 239).

475 3873 514 3936 ln
526 3872 726 3954 aliislinguis
738 3873 881 3952 cognatis
893 3893 1023 3939 casuum
1035 3877 1536 3943 rectiodiversaest:inGothica

413 3970 522 4051 lingua
537 3972 568 4030 io
584 3989 655 4033 cum
678 3970 785 4034 dativo
802 3971 1006 4054 conjungitur
1026 3994 1182 4055 nusquam
1199 3995 1269 4039 crim
1287 3975 1480 4058 accusativo,
1502 3978 1535 4040 in

414 4066 605 4131 Germanica
620 4086 690 4131 cum
706 4074 838 4149 utroque
853 4089 940 4148 casu,
960 4070 1161 4136 Lituanicum
1177 4074 1192 4132 i
1204 4073 1306 4137 solum
1319 4075 1535 4138 accusativum

413 4163 547 4245 patitur,
576 4172 642 4228 ant.
668 4165 866 4245 Bulgaricum
890 4172 929 4229 uri
959 4176 991 4233 et
1013 4169 1184 4232 locativum
1207 4170 1304 4234 habet
1327 4170 1536 4252 pedisequum

416 4267 465 4337 (=
478 4259 525 4336 ir)
548 4268 580 4326 et
602 4264 818 4327 accusativum
835 4271 883 4339 (=
897 4263 967 4343 εἰς),
991 4267 1029 4331 cl.
1046 4266 1241 4330 Miklosichii
1256 4266 1319 4331 lex.
1335 4266 1536 4334 Palaeoslov.
