3575 5334
333 698 394 759 376
821 700 967 758 Bechstein

239 941 240 944 ,
331 874 545 958 prohibemur.
591 872 747 951 Quoniam
771 880 853 954 part.
883 874 973 939 verbi
995 875 1113 936 sentim
1135 880 1184 940 est
1203 876 1364 949 caudent,
1387 876 1450 942 sub-

331 978 427 1037 stant.
451 971 528 1035 inde
551 970 679 1035 dnotum
701 971 902 1035 formandum
926 979 988 1036 est:
1011 970 1209 1038 *audientia
1246 973 1362 1055 Neque
1382 993 1450 1039 vero

331 1069 484 1131 sententio
506 1068 591 1132 idem
611 1068 760 1150 estquod
783 1067 973 1130 *emetientis
994 1068 1015 1133 i.
1032 1088 1059 1134 e.
1075 1088 1198 1149 sensus,
1221 1090 1269 1152 gr.
1285 1070 1449 1156 αἴσθησις,

331 1166 364 1230 in
388 1167 563 1232 vernacula
591 1166 717 1249 lingna:
754 1164 1004 1248 ,θιθρΐθθᾶοθςα
1027 1165 1223 1231 adverbum
1246 1170 1367 1231 rendre
1388 1169 1408 1233 i.
1429 1188 1451 1233 e.

332 1262 569 1347 ,empfinden“‚
591 1284 637 1345 gr.
655 1260 886 1327 αἰσθάνεσθαι
908 1264 1162 1355 pertinens,sed
1185 1266 1293 1347 potius
1307 1268 1452 1329 sententio

333 1373 381 1431 est
398 1363 554 1448 judioium
570 1362 688 1427 fautum
703 1362 757 1425 vel
773 1360 880 1443 opinio
898 1361 940 1424 ab
962 1360 1069 1443 atiquo
1091 1363 1218 1445 prolata
1241 1373 1340 1430 dnos:
1364 1365 1452 1441 ,mei-

331 1483 437 1545 nung,
459 1462 598 1537 urteil“).
642 1459 714 1537 Qua
735 1478 771 1523 re
792 1459 1029 1524 substantivum
1050 1462 1203 1522 sustantia
1225 1460 1341 1526 eodem
1365 1462 1452 1527 modo

332 1581 403 1626 oum
426 1580 530 1643 praes.
553 1557 643 1623 verbi
665 1556 782 1618 sentire
804 1576 869 1620 θοθ
892 1556 962 1620 sine
984 1557 1129 1623 veritatis
1157 1559 1265 1640 specie
1288 1559 1451 1637 confertur,

210 1739 213 1746 Ι
332 1679 394 1742 quo
418 1678 539 1741 parens
567 1674 638 1719 oum
667 1653 764 1717 verbo
785 1654 880 1736 pario
904 1654 954 1728 (oi.
978 1675 1075 1737 supra
1096 1676 1128 1738 p.
1151 1659 1243 1733 347),
1267 1662 1303 1719 ut
1324 1666 1452 1719 sentent·

332 1757 375 1822 sit
401 1760 482 1837 part.
505 1753 614 1819 aoristi
643 1751 811 1832 eujusdam
839 1752 873 1815 in
901 1752 1012 1833 lingua
1041 1754 1096 1817 lat.
1118 1773 1182 1817 θοθ
1208 1752 1279 1835 jam
1303 1753 1453 1819 exstantis

333 1854 477 1935 quidem,
501 1852 591 1933 eujus
612 1855 720 1914 tamen
743 1849 897 1930 reliquias
919 1851 952 1915 in
974 1850 1047 1915 aliis
1061 1850 1228 1915 vocabulis
1250 1850 1454 1934 investigavit

335 1951 460 2016 Curtius
489 1948 592 2025 (stud.
616 1948 653 2029 V,
683 1968 714 2029 p.
738 1951 824 2022 441).
876 1947 968 2025 Quae
997 1950 1024 2013 si
1054 1949 1100 2012 ita
1127 1956 1216 2028 sunt,
1247 1948 1347 2014 etiam
1377 1946 1453 2031 quod

334 2049 460 2113 differat
481 2047 564 2111 inter
585 2044 723 2110 nominis
744 2046 896 2107 sententio
919 2052 952 2111 et
974 2046 1063 2110 verbi
1085 2047 1203 2108 rendre
1224 2047 1374 2112 notiones
1396 2066 1453 2110 non

333 2146 522 2211 diffieillime
547 2143 679 2208 tollitur.
728 2141 913 2207 Conferenti
943 2143 1028 2208 enim
1051 2144 1284 2210 substantivum
1307 2144 1453 2207 sententio

333 2265 403 2309 oum
436 2244 536 2307 verbo
567 2241 685 2303 sanare.
715 2240 765 2304 illi
797 2241 862 2305 vim
897 2240 967 2323 ojus
999 2241 1109 2306 aoristi
1139 2241 1246 2307 inesse
1278 2242 1452 2325 apparebit,

333 2343 383 2407 oui
414 2341 539 2406 Curtius
573 2358 690 2403 nomen
725 2337 907 2414 ,effectivi'¹
935 2338 1068 2418 indidit,
1101 2345 1135 2403 ut
1161 2340 1316 2401 sententia
1343 2358 1453 2404 nomen

334 2440 423 2521 quasi
453 2436 593 2503 notionis
621 2436 738 2499 sentire
761 2444 910 2501 eventum
932 2436 985 2501 vel
1014 2435 1133 2501 exitum
1156 2436 1369 2520 exprimat²⁸).
1413 2435 1451 2501 Oi.

334 2537 434 2602 Curtii
457 2536 531 2601 erl.2
552 2554 583 2616 p.
610 2536 669 2598 180
685 2552 754 2615 sqq.
782 2568 824 2578 —
853 2531 935 2598 Inde
963 2533 1138 2616 profectum
1161 2553 1234 2600 esse
1255 2533 1385 2600 videtur
1405 2533 1467 2600 ad·

330 2634 484 2716 jectivum
518 2640 770 2694 corruent-aneas
805 2630 919 2695 eodem
951 2631 1047 2695 modo
1076 2651 1138 2713 quo
1166 2641 1455 2715 prae-r-oot-oaeus

333 2731 514 2808 formatum,
538 2728 623 2811 quod
646 2727 708 2792 nisi
729 2728 763 2791 in
786 2726 1017 2810 compositione
1039 2749 1103 2793 θοθ
1125 2729 1299 2795 invenitur.

420 2824 594 2911 effipieutio
616 2826 708 2890 Mart.
732 2823 892 2907 (depolit)
915 2827 934 2906 ξ
957 2829 1019 2890 922
1042 2833 1074 2892 οῖ
1090 2828 1254 2910 portastis
1277 2829 1356 2896 (iod.
1379 2832 1454 2897 Just.

334 2929 364 3007 3,
388 2929 417 3007 4,
445 2929 476 3006 13
508 2922 651 2989 Cassiod.
675 2943 743 2987 var.
767 2926 797 3003 3,
821 2925 861 2985 24
884 2923 943 2987 ab:
972 2923 1016 2988 ad
1037 2925 1137 2990 verba
1159 2924 1321 3009 *effipere
1346 2932 1453 3012 (praes.

332 3020 468 3108 *effipia
491 3042 548 3105 pro
570 3022 687 3087 usitato
710 3017 875 3104 efflopera)
905 3026 937 3085 et
962 3021 1100 3104 *pondre
1122 3029 1238 3106 (praes.
1263 3024 1279 3061 ³
1283 3027 1383 3109 pario
1403 3045 1454 3110 pro

330 3127 443 3206 pareo)
472 3126 628 3204 speotant.
672 3119 765 3197 Quod
795 3121 868 3186 huio
897 3118 1013 3186 rationi
1043 3140 1223 3204 comparem
1250 3144 1381 3207 prorsus
1409 3143 1454 3189 ne·

233 3295 235 3299 .
333 3220 408 3285 soio.
454 3219 567 3300 Neque
589 3238 665 3283 vero
687 3239 746 3284 nos
769 3219 865 3302 longe
887 3238 1007 3285 avaro
1029 3219 1233 3286 oberraturos
1254 3229 1349 3304 puto,
1379 3223 1455 3288 siin

332 3318 384 3383 his
406 3316 625 3393 substantivis,
648 3335 731 3397 quae
746 3315 874 3398 quidem
892 3318 956 3383 nisi
971 3317 1057 3400 apud
1073 3319 1244 3401 scriptores
1266 3322 1368 3384 multo
1390 3327 1456 3404 post

333 3434 464 3480 auream
492 3414 623 3494 linguae
650 3414 772 3479 latinae
794 3420 935 3478 aetatem
965 3414 1115 3479 florentes
1137 3436 1202 3480 θοθ
1224 3417 1387 3498 leguntur,
1415 3438 1455 3482 ra·

333 3512 453 3578 tionem
470 3511 511 3575 ab
528 3510 675 3576 omnibus
697 3512 853 3576 sermonis
875 3512 967 3576 latini
990 3512 1147 3577 formandi
1170 3514 1297 3596 legibus
1320 3516 1454 3581 alienam

335 3630 406 3677 esse
428 3608 606 3674 adhibitam
629 3614 814 3674 statuamus.
836 3644 878 3655 -
900 3610 974 3674 Non
989 3609 1083 3676 aliter
1104 3609 1317 3695 iudicandum
1335 3613 1456 3680 videtur

335 3708 376 3773 de
399 3727 477 3774 vose

324 3818 326 3821 ’
419 3805 553 3866 essentia
574 3801 659 3869 idem
682 3802 893 3886 significante,
921 3803 1006 3886 quod
1028 3824 1134 3887 graeo.
1158 3797 1266 3872 odota.
1311 3809 1387 3875 Sen.
1410 3829 1454 3893 ep·

334 3904 385 3983 58,
409 3906 446 3984 43
474 3900 583 3979 Quint.
607 3905 636 3981 2,
664 3906 711 3982 14,
736 3904 765 3965 2.
811 3901 871 3965 Ηίο
893 3901 1049 3984 quispiam
1073 3902 1190 3968 dixerit
1212 3908 1349 3970 essentia
1369 3906 1455 3991 prod·

332 4000 392 4065 iise
420 4018 460 4064 ex
493 4005 573 4081 part.
605 3997 731 4061 *esant-
765 3998 854 4063 verbi
889 4019 957 4061 esse
989 4000 1070 4067 mira
1102 4000 1242 4084 quadam
1278 4004 1455 4089 integritate

330 4233 334 4238 ·
402 4220 436 4279 ²⁸)
455 4217 545 4284 Quint
557 4216 632 4280 VIII,
651 4221 681 4270 b:
702 4218 879 4279 „sententiam
897 4227 1002 4278 veteres
1013 4220 1086 4289 quod
1103 4219 1194 4277 animo
1212 4224 1363 4279 sensissent
1379 4222 1455 4293 (plns-

333 4297 505 4367 qnamperfd)
522 4299 681 4351 vocarunt.“
