3575 5334
772 682 805 737 de
823 683 906 752 alpha
922 684 1062 739 intensiva.
1436 683 1477 744 43

344 855 562 939 jactaret),
593 856 688 940 crrapc'
715 860 818 939 (drap,
846 859 936 935 rap),
967 856 1060 918 arath
1082 858 1136 923 vel
1157 858 1247 935 ratb,
1276 860 1352 923 alia.
1395 862 1478 925 Tota

347 974 403 1020 res
424 954 472 1019 ita
501 953 694 1035 explicanda
718 960 766 1019 est
796 961 830 1018 ut
853 954 924 1037 jam
953 955 986 1018 in
1015 954 1118 1037 prima
1144 956 1272 1038 syllaba
1299 958 1406 1021 auimo
1433 960 1477 1022 lo·

346 1051 453 1115 enturi
483 1069 523 1115 ea
550 1050 672 1117 vocalis
700 1052 888 1118 obversetur
922 1070 1004 1133 quae
1032 1052 1229 1133 insequentis
1258 1053 1385 1118 demum
1414 1057 1477 1139 syl·

347 1148 447 1212 labae
469 1147 520 1213 sit.
565 1145 611 1212 cf.
634 1147 768 1231 Justins,
792 1169 894 1232 comp.
917 1150 995 1233 ling.
1018 1149 1119 1214 Zend.
1142 1171 1173 1232 p.
1191 1153 1262 1231 359,
1286 1150 1476 1234 Spiegelius,

346 1265 486 1327 gramm.
508 1244 585 1327 ling.
610 1246 714 1311 Bactr.
739 1268 770 1330 p.
787 1250 827 1310 42
842 1266 901 1329 sq,
925 1250 966 1311 60
982 1266 1029 1328 sq.
1060 1247 1109 1310 Ex
1125 1246 1249 1313 Graeca
1272 1248 1383 1331 lingna
1406 1269 1476 1315 cum

350 1342 492 1408 Christio
515 1349 547 1408 et
569 1342 675 1409 Curtio
699 1345 760 1409 hue
789 1344 954 1409 referimus
982 1340 1137 1424 ἄσταχυς,
1168 1340 1337 1429 donatura,
1365 1342 1477 1411 ἀσπά-

347 1443 428 1523 λαξ,
453 1437 574 1525 ὄνομα,
598 1437 743 1524 ὀτρύνω,
767 1439 886 1521 ἐχθές,
911 1440 1074 1524 ἐνεγκεῖν,
1107 1439 1202 1517 ἶκνίς.
1247 1443 1395 1509 Latinam
1417 1446 1477 1510 lin-

343 1561 448 1623 guam
484 1547 582 1606 autea
614 1539 687 1604 aliis
720 1539 899 1605 rationibus
933 1539 1004 1604 duei
1037 1538 1192 1621 vidimus,
1233 1540 1337 1606 simile
1367 1549 1475 1608 tamen

345 1637 474 1721 aliquid
506 1638 539 1702 in
574 1636 689 1702 mediis
717 1636 882 1702 vocabulis
918 1636 1079 1702 invenitur
1107 1636 1196 1701 velut
1230 1637 1263 1701 iu
1299 1637 1477 1702 balatrones
1558 1653 1560 1658 ·

348 1736 406 1800 vel
439 1733 614 1798 blateronem
647 1741 678 1800 et
711 1732 869 1797 blaterare
902 1734 944 1801 de
976 1735 1091 1818 quibus
1123 1733 1161 1797 ef.
1197 1732 1374 1802 Corssenus
1403 1737 1424 1801 l.
1453 1738 1475 1802 l.

346 1834 401 1897 112
423 1836 495 1897 384.
1183 1855 1186 1860 ·

438 1931 528 1995 Nulli
557 1929 697 2012 denique
724 1930 751 1995 si
784 1928 981 2013 pedisequae
1010 1930 1063 1995 vel
1096 1951 1257 1998 consonae
1285 1935 1339 1998 vel
1371 1934 1476 1999 vocali

346 2028 530 2111 prothetioa
565 2028 637 2109 ipsa
666 2026 787 2092 vocalis
816 2027 1031 2110 obtemperat,
1069 2029 1147 2111 quid
1182 2029 1273 2094 aliud
1309 2038 1476 2114 exspectas

347 2145 448 2207 quam
476 2125 613 2207 primunr
641 2145 680 2189 ao
702 2124 973 2207 simplicissimum
1005 2147 1024 2186 a
1051 2126 1288 2209 praeterquod
1316 2127 1475 2193 interdum

347 2222 449 2288 etiam
478 2223 530 2287 vel
555 2244 572 2283 o
601 2224 653 2287 vel
681 2243 698 2283 c
726 2221 932 2286 inveniatur?
976 2221 1045 2287 Hoo
1074 2221 1262 2305 plerumque
1290 2225 1323 2288 in
1352 2225 1476 2291 Graeoa

345 2320 463 2402 lingna
490 2320 608 2385 factum
631 2338 703 2385 esse
732 2337 773 2383 ex
801 2317 841 2382 iis
863 2318 1003 2382 maxime
1025 2319 1183 2403 exemplis
1212 2320 1316 2386 elucet
1348 2322 1381 2386 in
1410 2323 1476 2403 qui-

350 2417 412 2483 bus
439 2416 573 2484 eaedem
602 2416 727 2482 radices
755 2414 900 2481 diversas
923 2416 1077 2482 exhibent
1106 2417 1235 2484 vocales
1263 2419 1475 2502 prothetioas:

348 2512 487 2599 ἅμέργω
516 2521 548 2612 et
576 2509 776 2597 ὀμόργνυμι,
807 2506 955 2597 ἆσταφίς
985 2520 1016 2579 et
1044 2509 1205 2599 ὅσταφίς,
1236 2522 1267 2581 et
1293 2515 1395 2581 exiis
1421 2516 1476 2580 ubi

348 2612 452 2696 alpha
487 2611 608 2677 vocalis
643 2610 743 2675 cuivis
771 2629 932 2675 consonae
962 2612 1132 2676 antecedit.
1186 2612 1302 2678 Verum
1331 2614 1364 2677 in
1392 2613 1476 2695 ejus-

348 2711 437 2776 modi
474 2708 714 2792 quaestionibus
748 2727 875 2791 semper
908 2707 1158 2792 uniuscujusque
1186 2711 1318 2792 linguae
1346 2712 1476 2794 propria

349 2807 478 2874 indoles
500 2825 539 2871 ac
566 2813 681 2872 natura
703 2824 798 2886 qnam
823 2804 1063 2871 accuratissime
1091 2806 1269 2890 spectanda
1298 2814 1346 2872 est
1374 2827 1476 2890 eaque

349 2924 382 2971 re
404 2904 449 2970 ad
472 2903 601 2969 tertium
622 2902 705 2968 illud
728 2901 917 2967 adducimur
939 2903 1023 2983 quod
1046 2923 1143 2985 supra
1165 2904 1339 2968 indicatum
1363 2911 1420 2970 est.

434 3002 560 3069 Graeca
581 3001 693 3083 lingua
717 3000 786 3081 jam
814 2999 990 3080 antiquitus
1018 3002 1147 3067 vocales
1174 3002 1370 3084 prothetioas
1398 3003 1475 3069 ada-

345 3119 456 3166 masse
486 3096 626 3173 videtur,
659 3096 735 3179 quia
756 3098 858 3161 multa
885 3096 1045 3161 voeabula
1074 3117 1139 3162 non
1168 3098 1238 3162 sine
1265 3099 1407 3180 prothesi
1430 3102 1475 3164 iu·

343 3197 539 3277 veniuntur,
576 3196 619 3266 in,
643 3195 755 3277 paucis
783 3191 1003 3259 tantummodo
1033 3195 1191 3276 exemplis
1215 3194 1335 3260 formae
1370 3197 1474 3261 vocali

337 3294 529 3377 prothetica
560 3298 674 3356 auctae
708 3291 876 3373 posteriori
914 3290 1072 3355 debentur
1107 3290 1216 3356 aetati.
1261 3291 1328 3355 Hoc
1364 3292 1397 3355 in
1436 3313 1475 3358 ea

337 3390 462 3475 lingua
490 3390 604 3453 mirum
633 3389 733 3453 videri
764 3396 870 3473 potest
897 3407 980 3470 quae
1009 3394 1041 3453 et
1065 3408 1213 3453 sonorum
1243 3396 1276 3454 et
1303 3388 1474 3456 formarum

333 3496 412 3555 tam
435 3486 603 3568 antiquam
630 3486 845 3568 integritatem
874 3485 1107 3568 praesefert,
1140 3493 1175 3550 ut
1197 3487 1391 3551 Sansoritam
1416 3487 1475 3552 lin-

330 3606 445 3669 gnam
479 3603 519 3649 ea
544 3601 658 3665 ‘paene
697 3582 885 3665 exaequari,
930 3602 1159 3664 nonnunquam
1197 3584 1293 3647 etiam
1330 3587 1474 3669 superari

327 3688 482 3750 constet.
534 3680 653 3746 Verum*
674 3681 769 3746 etiam
791 3680 878 3763 ipsos
902 3678 1043 3745 Graecos
1065 3700 1160 3746 sonos
1190 3681 1373 3746 observanti
1399 3703 1475 3764 quo-

330 3779 444 3847 modo
478 3783 640 3841 mutentur
667 3778 825 3842 nonnulla
859 3784 1025 3842 occurrunt
1057 3797 1156 3860 quae,
1189 3797 1260 3841 oum
1293 3779 1473 3862 pernicioso

327 3876 391 3944 illi
423 3874 693 3961 pronuntiationis
723 3875 869 3957 languori
898 3874 1070 3939 tribuenda
1104 3875 1168 3940 sint
1196 3875 1246 3939 eui
1275 3896 1385 3941 omnes
1414 3877 1474 3941 liu-

332 3994 430 4057 guae
454 3971 614 4038 obnoxiae
636 3973 859 4054 suocumbunt,
888 3971 923 4036 iu
951 3973 1024 4039 aliis
1046 3978 1154 4037 tamen
1176 3978 1231 4036 aut
1259 3973 1400 4037 nondum
1422 3973 1473 4036 in·

335 4074 523 4139 veniuntur
545 4074 600 4133 aut
621 4069 734 4133 rarius.
764 4069 869 4149 Atque
891 4086 933 4132 ex
954 4069 1015 4134 boa
1037 4088 1168 4134 numero
1191 4075 1240 4133 est
1262 4073 1357 4133 etiarn
1380 4087 1474 4131 voca-

337 4168 426 4235 lium
449 4169 508 4233 illa
530 4165 688 4250 prothesis
710 4185 793 4247 quae
818 4168 1015 4231 senescentis
1038 4166 1165 4230 demum
1188 4166 1323 4229 Latinae
1344 4163 1473 4244 linguae

341 4263 603 4332 imbecillitatem
633 4261 753 4345 prodit,
784 4284 854 4328 oum
878 4283 918 4328 ex
946 4264 1020 4329 aliis
1048 4281 1173 4343 quoque
1195 4260 1338 4342 vestigiis
1368 4260 1473 4339 ingra-
