3575 5334
642 707 674 762 de
693 706 808 763 dialecto
826 708 981 764 herodotea.
1311 708 1374 769 209

263 893 267 900 ’
332 877 449 944 Omnia
470 879 567 961 igitur
594 880 694 962 plana
717 888 789 946 sunt
811 888 940 966 praeter
962 882 1050 948 verbi
1077 886 1232 966 χρᾶσθαι
1253 882 1373 949 formas

244 975 468 1057 nonnullaque
489 976 572 1042 alia:
611 976 716 1064 διψῆν
740 979 849 1059 1124,
880 979 938 1066 ζῆν
962 980 989 1042 V
1013 983 1048 1061 6,
1077 977 1215 1045 ἓκτέατο
1239 978 1372 1047 lavaero

245 1071 325 1137 VIII
352 1075 400 1155 12,
424 1079 591 1159 θυμιῆται
613 1074 658 1138 IV
683 1080 732 1140 75.
771 1076 903 1142 Formas
926 1097 983 1161 per
1005 1102 1039 1143 ει
1063 1084 1095 1143 et
1117 1101 1156 1142 εα
1179 1078 1225 1154 (in
1247 1082 1266 1142 3
1289 1098 1372 1162 pers.

245 1172 341 1253 sing.)
373 1172 507 1254 scriptas
536 1171 587 1245 tol.
617 1180 745 1255 praeter
773 1175 854 1239 alios
884 1174 1161 1257 diligentissimam
1192 1174 1232 1238 de
1257 1198 1373 1239 -εαται

245 1291 343 1333 -εατο
373 1292 469 1331 -αται
496 1269 529 1331 in
555 1269 708 1352 singulari
732 1290 864 1336 numero
887 1272 1049 1353 usurpatis
1071 1272 1371 1337 commentationem

247 1365 400 1431 Bredovii
431 1386 462 1447 p.
486 1369 548 1431 332
565 1372 646 1448 squ.)
676 1388 693 1434 e
725 1368 932 1451 posteriorum
962 1388 1021 1433 usu
1052 1368 1181 1434 liuticios
1213 1387 1284 1434 esse
1312 1358 1373 1433 lroo

245 1471 390 1547 tempore
412 1482 505 1527 nemo
528 1464 654 1546 ignorat
675 1465 784 1546 itaque
805 1466 858 1530 vel
881 1486 951 1529 cum
976 1465 1140 1531 Dindorlio
1170 1464 1289 1551 ἔκτητο
1319 1466 1372 1531 vel

245 1580 317 1625 eum
340 1560 499 1625 Bredovio
528 1568 560 1627 et
587 1562 708 1627 Steinio
738 1560 857 1627 ἐκτᾶτο
888 1562 1090 1627 scribendum
1119 1570 1183 1645 est,
1212 1563 1374 1645 quaeritur

245 1665 354 1723 autem
377 1657 418 1724 de
441 1682 459 1747 ῃ
483 1658 550 1723 illo.
582 1657 621 1723 ἇε
646 1660 833 1742 plerumque
855 1661 889 1724 in
905 1684 936 1738 a,
958 1652 1175 1727 interdum'ut
1196 1659 1229 1725 in
1252 1666 1373 1745 πεινῆν

244 1755 458 1841 κνῆνδιψῆν
471 1762 623 1840 χρῆσθαι
647 1756 776 1833 ,dorico
793 1761 904 1821 morel
925 1758 958 1821 in
975 1783 994 1845 η
1012 1759 1156 1824 contrahi
1178 1778 1273 1843 posse
1296 1759 1372 1823 olim

246 1851 423 1919 credebant
436 1874 542 1937 neque
563 1853 660 1919 hodie
675 1854 803 1938 quidem
820 1855 968 1918 omnibus
989 1856 1185 1921 inveteratus
1207 1856 1264 1920 ille
1286 1875 1374 1946 error

246 1957 377 2033 ereptus
406 1952 509 2033 est⁴³r3
540 1952 625 2034 quod
654 1952 681 2017 si
709 1972 818 2017 verum
848 1959 948 2032 esset,
978 1952 1140 2017 Herodoto
1169 1961 1374 2037 aut-semper
1442 1949 1447 1966 “’

247 2072 268 2111 α
290 2055 347 2113 aut
369 2073 388 2133 η
411 2048 642 2114 restituendum
673 2055 765 2115 esset.
810 2050 872 2113 Res
899 2055 1005 2113 autem
1028 2049 1103 2136 sine
1120 2050 1185 2114 ullo
1208 2050 1304 2114 dubio
1327 2051 1373 2116 ita

247 2166 281 2211 se
312 2145 424 2227 habet,
457 2155 492 2210 ut
521 2167 561 2213 ex
590 2147 695 2228 priore
723 2145 796 2229 -ojo
826 2144 897 2229 -oja
928 2152 960 2209 et
988 2144 1030 2208 ἇο
1061 2143 1101 2209 <Ic
1128 2152 1160 2211 ct
1187 2151 1229 2209 ᾶο
1256 2150 1296 2210 iic
1319 2147 1371 2211 vel

247 2244 383 2326 primum
413 2264 540 2328 semper
568 2248 609 2307 ᾶο
641 2248 697 2321 ᾶε,
733 2251 798 2307 tum
829 2243 1030 2325 correptione
1060 2241 1144 2307 lacta
1173 2241 1215 2306 ἇο
1245 2240 1284 2306 ὅτε
1321 2243 1372 2316 (cl.
1489 2269 1491 2272 ’

248 2340 402 2423 trangon
428 2342 518 2407 stud.
545 2341 587 2405 vl
617 2344 800 2422 roo-roa,
835 2340 960 2405 curtius
996 2338 1087 2403 sruo.
1116 2339 1164 2403 111
1191 2329 1372 2415 ars-roo

247 2445 314 2503 tum
337 2439 372 2503 in
395 2438 532 2503 dialecto
553 2437 660 2502 ionica
682 2445 737 2502 aut
765 2436 804 2503 ἇε
828 2443 990 2502 contracto
1014 2441 1051 2513 ᾶ,
1080 2441 1136 2500 aut
1157 2441 1196 2501 ᾶε
1224 2462 1262 2522 ηε
1286 2446 1374 2519 (quo-

247 2536 334 2601 niam
356 2540 378 2598 ,ἆ
402 2536 436 2600 in
459 2561 477 2623 η
504 2535 628 2613 transit)
645 2560 664 2621 η
681 2535 779 2601 fieret.
811 2535 982 2615 Quaeritur
1003 2533 1108 2615 igitur,
1131 2554 1206 2598 num
1229 2540 1263 2598 ut
1285 2533 1373 2617 apud

248 2634 370 2699 Atticos
391 2634 437 2697 ita
452 2633 539 2716 apud
553 2635 649 2699 Iones
670 2633 795 2716 spirans
809 2631 905 2697 modo
922 2653 992 2696 cum
1016 2630 1224 2715 productione
1246 2632 1375 2714 supplo-

248 2731 331 2795 toria
351 2730 447 2795 modo
475 2731 544 2796 sine
572 2732 629 2796 illa
657 2731 833 2797 evanuerit.
878 2729 984 2815 διψῆν
1007 2729 1027 2793 1.
1052 2749 1078 2794 e.
1101 2727 1266 2811 *διψᾶεν
1294 2726 1374 2793 *δι-

250 2840 350 2915 ψηεν,
385 2828 474 2909 cujus
507 2830 598 2894 vorbi
630 2829 714 2893 aliae
742 2828 862 2892 formae
891 2826 979 2909 apud
1007 2826 1202 2891 Herodotum
1232 2847 1297 2890 non
1325 2846 1373 2891 re-

213 2986 215 2990 ,
249 2925 430 3008 periuntur,
466 2934 595 3009 propter
628 2924 821 2989 homericum
857 2913 995 3006 διψάων
1029 2924 1058 3001 (λ
1090 2926 1164 2999 584)
1199 2931 1230 2988 ct
1260 2922 1374 2987 atticas

249 3022 368 3087 formas
393 3022 499 3107 διψῇς
516 3022 602 3108 διψῇ
625 3044 688 3086 non
708 3022 959 3100 sollicitaverim,
983 3021 1129 3101 equibus
1143 3021 1176 3083 in
1193 3020 1253 3083 hoc
1275 3020 1373 3085 verbo

246 3120 313 3202 jam
344 3120 574 3201 antiquissimis
601 3119 797 3203 temporibus
824 3117 911 3200 apud
940 3136 1052 3182 omnes
1072 3118 1167 3179 lones
1193 3137 1216 3177 a
1241 3110 1372 3197 longum

249 3218 348 3282 luisse
370 3217 489 3301 elucet,
514 3216 572 3303 ζῆν
593 3223 710 3296 autem,
733 3234 925 3298 quamquam
949 3221 1035 3278 stare
1056 3212 1171 3295 possit,
1203 3218 1374 3294 propterea

250 3314 486 3395 damnaverim,
519 3314 602 3396 quod
625 3316 812 3397 plerumque
839 3310 1039 3375 brevioribus
1060 3308 1150 3374 verbi
1174 3306 1241 3387 ζάω
1264 3308 1373 3373 formis

248 3410 520 3477 Herodotus-nisi
551 3413 584 3476 in
614 3411 780 3495 participio
809 3430 873 3474 non
903 3408 1001 3471 utitur
1028 3414 1060 3472 et
1088 3405 1173 3487 quod
1206 3402 1302 3484 ζώειν
1325 3412 1375 3470 ter

248 3509 325 3573 131
358 3508 406 3572 III
429 3511 469 3571 22
500 3508 559 3572 VII
581 3513 622 3573 43
645 3515 759 3589 exstat,
786 3508 972 3589 scriptorem
994 3513 1100 3569 autern
1123 3504 1184 3569 hac
1205 3503 1240 3566 in
1262 3522 1297 3567 rc
1318 3500 1375 3566 flu-

248 3612 376 3670 ctuasse
397 3607 464 3670 veri
487 3605 591 3671 simile
612 3626 677 3670 non
700 3612 757 3671 est.
786 3641 827 3649 —
856 3608 1023 3685 θυμιῆται
1046 3601 1089 3664 IV
1114 3605 1153 3665 75
1176 3607 1209 3667 et
1230 3598 1374 3664 codicum

247 3703 330 3766 Asa
363 3702 521 3785 scriptura
553 3707 718 3783 θυμιᾶται
750 3701 916 3783 corrigitur
950 3705 981 3763 et
1014 3706 1171 3783 repugnat
1204 3697 1375 3777 analogiae

246 3802 419 3866 verborum
442 3798 638 3865 ἐπαιτιᾶται
659 3799 692 3863 Il
710 3802 779 3879 121,
796 3801 825 3877 2,
848 3801 964 3877 βιᾶται
986 3796 1037 3860 ΙΙΙ
1053 3800 1103 3876 80,
1128 3794 1238 3859 ἱστιᾶν
1253 3796 1285 3858 ΙΙ
1303 3799 1374 3876 100,

247 3894 417 3963 ἀνιᾶσθαι
440 3898 540 3979 voa,
565 3916 662 3980 quare
684 3914 807 3961 summa
828 3893 948 3974 injuria
966 3893 1178 3957 Buttmannus
1200 3891 1234 3955 in
1256 3911 1303 3973 gr.
1326 3910 1374 3973 gr.

246 3994 324 4077 maj.
355 3997 375 4075 ξ
401 4000 481 4081 too,
503 3998 541 4057 12
571 4018 609 4058 τε
639 3999 712 4077 post
736 4018 747 4056 ι
770 3993 802 4056 in
833 4015 852 4075 η
877 3989 1021 4054 contrahi
1052 3989 1194 4066 docet.⁴⁵)
1239 3989 1375 4052 Restant

317 4213 350 4277 ⁴³)
369 4211 410 4265 ef.
429 4210 551 4265 Kuhneri
567 4226 606 4278 gr.
624 4226 663 4277 gr.
682 4210 707 4273 1²
725 4226 752 4277 p,
771 4214 828 4284 539.

318 4293 349 4358 ⁴⁴)
377 4290 529 4359 Scriptores
551 4289 633 4344 ionici
659 4305 714 4344 non
737 4288 849 4342 eandem
873 4290 1022 4355 sequuntur
1048 4297 1184 4346 normam,
1212 4296 1273 4335 cum
1300 4280 1375 4349 opud

301 4376 412 4425 (luamus,
427 4376 520 4417 Studien
533 4376 593 4417 vm.
1139 4371 1169 4419 14
