<?xml version="1.0" encoding="UTF-8"?>
<!DOCTYPE html PUBLIC "-//W3C//DTD XHTML 1.0 Transitional//EN"
    "http://www.w3.org/TR/xhtml1/DTD/xhtml1-transitional.dtd">
<html xmlns="http://www.w3.org/1999/xhtml" xml:lang="en" lang="en">
 <head>
  <title>
</title>
<meta http-equiv="Content-Type" content="text/html;charset=utf-8" />
  <meta name='ocr-system' content='tesseract 3.04.00' />
  <meta name='ocr-capabilities' content='ocr_page ocr_carea ocr_par ocr_line ocrx_word'/>
</head>
<body>
  <div class='ocr_page' id='page_1' title='image "./studienzurgriec00curtgoog_0160.png"; bbox 0 0 3575 5334; ppageno 0'>
   <div class='ocr_carea' id='block_1_1' title="bbox 402 654 1034 761">
    <p class='ocr_par' dir='ltr' id='par_1_1' title="bbox 402 654 1034 761">
     <span class='ocr_line' id='line_1_1' title="bbox 402 654 1034 761; baseline -0.016 0"><span class='ocrx_word' id='word_1_1' title='bbox 402 700 463 761; x_wconf 85' lang='lat'>150</span> <span class='ocrx_word' id='word_1_2' title='bbox 483 654 488 665; x_wconf 64' lang='grc'>’</span> <span class='ocrx_word' id='word_1_3' title='bbox 895 697 1034 753; x_wconf 62' lang='lat' dir='ltr'>aaaron</span> 
     </span>
    </p>
   </div>
   <div class='ocr_carea' id='block_1_2' title="bbox 342 865 1528 4363">
    <p class='ocr_par' dir='ltr' id='par_1_2' title="bbox 400 865 1524 1037">
     <span class='ocr_line' id='line_1_2' title="bbox 400 865 1524 958; baseline -0.004 -18"><span class='ocrx_word' id='word_1_4' title='bbox 400 875 570 941; x_wconf 72' lang='lat' dir='ltr'>ettamen</span> <span class='ocrx_word' id='word_1_5' title='bbox 593 868 807 938; x_wconf 79' lang='grc' dir='ltr'><strong><em>ἀπολέεσθαι</em></strong></span> <span class='ocrx_word' id='word_1_6' title='bbox 828 873 844 936; x_wconf 96' lang='grc' dir='ltr'><strong>Ι</strong></span> <span class='ocrx_word' id='word_1_7' title='bbox 868 875 919 938; x_wconf 90' lang='grc'>38.</span> <span class='ocrx_word' id='word_1_8' title='bbox 946 876 1015 953; x_wconf 92' lang='grc'><strong>112,</strong></span> <span class='ocrx_word' id='word_1_9' title='bbox 1047 875 1241 958; x_wconf 71' lang='grc' dir='ltr'><strong><em>φανέεσθαι</em></strong></span> <span class='ocrx_word' id='word_1_10' title='bbox 1263 871 1281 935; x_wconf 94' lang='grc' dir='ltr'><strong>Ι</strong></span> <span class='ocrx_word' id='word_1_11' title='bbox 1303 874 1354 950; x_wconf 84' lang='grc'>60,</span> <span class='ocrx_word' id='word_1_12' title='bbox 1384 865 1524 956; x_wconf 74' lang='grc' dir='ltr'><strong><em>ὑποκρι-</em></strong></span> 
     </span>
     <span class='ocr_line' id='line_1_3' title="bbox 400 971 1238 1037; baseline -0.001 -1"><span class='ocrx_word' id='word_1_13' title='bbox 400 975 545 1037; x_wconf 76' lang='grc' dir='ltr'><strong><em>νέεσθαι</em></strong></span> <span class='ocrx_word' id='word_1_14' title='bbox 566 971 581 1034; x_wconf 97' lang='lat' dir='ltr'>I</span> <span class='ocrx_word' id='word_1_15' title='bbox 607 975 665 1035; x_wconf 80' lang='lat'>164</span> <span class='ocrx_word' id='word_1_16' title='bbox 681 971 723 1035; x_wconf 89' lang='lat' dir='ltr'>al.</span> <span class='ocrx_word' id='word_1_17' title='bbox 1233 1018 1238 1025; x_wconf 80' lang='lat'>-</span> 
     </span>
    </p>

    <p class='ocr_par' dir='ltr' id='par_1_3' title="bbox 400 1064 1525 1439">
     <span class='ocr_line' id='line_1_4' title="bbox 487 1064 1524 1153; baseline -0.006 -18"><span class='ocrx_word' id='word_1_18' title='bbox 487 1068 530 1135; x_wconf 91' lang='lat' dir='ltr'>Ut</span> <span class='ocrx_word' id='word_1_19' title='bbox 551 1088 609 1151; x_wconf 82' lang='lat' dir='ltr'>per</span> <span class='ocrx_word' id='word_1_20' title='bbox 631 1087 666 1135; x_wconf 88' lang='lat' dir='ltr'>se</span> <span class='ocrx_word' id='word_1_21' title='bbox 689 1076 794 1153; x_wconf 80' lang='lat' dir='ltr'>patet,</span> <span class='ocrx_word' id='word_1_22' title='bbox 819 1068 934 1135; x_wconf 89' lang='lat' dir='ltr'>eadem</span> <span class='ocrx_word' id='word_1_23' title='bbox 957 1068 1012 1132; x_wconf 85' lang='lat' dir='ltr'>lex</span> <span class='ocrx_word' id='word_1_24' title='bbox 1034 1067 1131 1132; x_wconf 88' lang='lat' dir='ltr'>etiam</span> <span class='ocrx_word' id='word_1_25' title='bbox 1153 1064 1196 1131; x_wconf 90' lang='lat' dir='ltr'>ad</span> <span class='ocrx_word' id='word_1_26' title='bbox 1217 1066 1397 1148; x_wconf 79' lang='lat' dir='ltr'>tert&#39;pers.</span> <span class='ocrx_word' id='word_1_27' title='bbox 1421 1084 1524 1147; x_wconf 90' lang='lat' dir='ltr'>praes.</span> 
     </span>
     <span class='ocr_line' id='line_1_5' title="bbox 400 1159 1524 1251; baseline -0.004 -19"><span class='ocrx_word' id='word_1_28' title='bbox 400 1165 588 1251; x_wconf 73' lang='lat' dir='ltr'><strong>imperfecti,</strong></span> <span class='ocrx_word' id='word_1_29' title='bbox 610 1166 666 1231; x_wconf 87' lang='lat' dir='ltr'>fut.</span> <span class='ocrx_word' id='word_1_30' title='bbox 689 1166 802 1249; x_wconf 90' lang='lat' dir='ltr'>liquid.</span> <span class='ocrx_word' id='word_1_31' title='bbox 823 1167 976 1249; x_wconf 80' lang='lat' dir='ltr'>pertinet:</span> <span class='ocrx_word' id='word_1_32' title='bbox 1001 1165 1167 1243; x_wconf 82' lang='grc' dir='ltr'><strong><em>καλέεται,</em></strong></span> <span class='ocrx_word' id='word_1_33' title='bbox 1190 1159 1400 1240; x_wconf 75' lang='grc' dir='ltr'><strong><em>ἀπικνέεται,</em></strong></span> <span class='ocrx_word' id='word_1_34' title='bbox 1423 1160 1524 1245; x_wconf 81' lang='grc' dir='ltr'><strong><em>ἐπορ-</em></strong></span> 
     </span>
     <span class='ocr_line' id='line_1_6' title="bbox 404 1260 1525 1349; baseline -0.005 -21"><span class='ocrx_word' id='word_1_35' title='bbox 404 1269 523 1343; x_wconf 90' lang='grc' dir='ltr'><strong><em>θέετο,</em></strong></span> <span class='ocrx_word' id='word_1_36' title='bbox 547 1268 720 1349; x_wconf 79' lang='grc' dir='ltr'><strong><em>φοβέεται,</em></strong></span> <span class='ocrx_word' id='word_1_37' title='bbox 744 1270 792 1344; x_wconf 83' lang='grc' dir='ltr'><strong><em>ιι1,</em></strong></span> <span class='ocrx_word' id='word_1_38' title='bbox 816 1264 843 1328; x_wconf 89' lang='lat' dir='ltr'>si</span> <span class='ocrx_word' id='word_1_39' title='bbox 866 1282 948 1344; x_wconf 87' lang='lat' dir='ltr'>quae</span> <span class='ocrx_word' id='word_1_40' title='bbox 971 1286 1002 1327; x_wconf 86' lang='grc' dir='ltr'>ει</span> <span class='ocrx_word' id='word_1_41' title='bbox 1024 1264 1207 1343; x_wconf 86' lang='lat' dir='ltr'>ostendunt,</span> <span class='ocrx_word' id='word_1_42' title='bbox 1230 1263 1320 1327; x_wconf 89' lang='lat' dir='ltr'>velut</span> <span class='ocrx_word' id='word_1_43' title='bbox 1340 1260 1356 1323; x_wconf 96' lang='lat' dir='ltr'>I</span> <span class='ocrx_word' id='word_1_44' title='bbox 1380 1262 1442 1324; x_wconf 84' lang='grc'>109</span> <span class='ocrx_word' id='word_1_45' title='bbox 1464 1284 1525 1341; x_wconf 86' lang='grc' dir='ltr'>μα-</span> 
     </span>
     <span class='ocr_line' id='line_1_7' title="bbox 400 1356 1525 1439; baseline -0.006 -11"><span class='ocrx_word' id='word_1_46' title='bbox 400 1373 508 1428; x_wconf 86' lang='grc' dir='ltr'><strong><em>νιῑται</em></strong></span> <span class='ocrx_word' id='word_1_47' title='bbox 530 1381 570 1428; x_wconf 85' lang='lat' dir='ltr'>ex</span> <span class='ocrx_word' id='word_1_48' title='bbox 593 1362 740 1427; x_wconf 87' lang='lat' dir='ltr'>omnibus</span> <span class='ocrx_word' id='word_1_49' title='bbox 761 1361 867 1439; x_wconf 88' lang='lat' dir='ltr'>libris,</span> <span class='ocrx_word' id='word_1_50' title='bbox 891 1380 931 1425; x_wconf 92' lang='lat' dir='ltr'>ea</span> <span class='ocrx_word' id='word_1_51' title='bbox 955 1359 1043 1424; x_wconf 92' lang='lat' dir='ltr'>hand</span> <span class='ocrx_word' id='word_1_52' title='bbox 1065 1366 1253 1425; x_wconf 80' lang='lat' dir='ltr'>cunctanter</span> <span class='ocrx_word' id='word_1_53' title='bbox 1274 1356 1432 1423; x_wconf 89' lang='lat' dir='ltr'>mutanda</span> <span class='ocrx_word' id='word_1_54' title='bbox 1453 1359 1525 1424; x_wconf 88' lang='lat' dir='ltr'>sint.</span> 
     </span>
    </p>

    <p class='ocr_par' dir='ltr' id='par_1_4' title="bbox 342 1455 1528 3374">
     <span class='ocr_line' id='line_1_8' title="bbox 486 1455 1526 1541; baseline -0.004 -17"><span class='ocrx_word' id='word_1_55' title='bbox 486 1459 570 1524; x_wconf 87' lang='lat' dir='ltr'>Num</span> <span class='ocrx_word' id='word_1_56' title='bbox 600 1459 736 1524; x_wconf 86' lang='lat' dir='ltr'>tortasse</span> <span class='ocrx_word' id='word_1_57' title='bbox 765 1466 838 1541; x_wconf 93' lang='lat' dir='ltr'>post</span> <span class='ocrx_word' id='word_1_58' title='bbox 864 1477 1024 1523; x_wconf 88' lang='lat' dir='ltr'>consonas</span> <span class='ocrx_word' id='word_1_59' title='bbox 1046 1455 1174 1538; x_wconf 92' lang='lat' dir='ltr'>quidem</span> <span class='ocrx_word' id='word_1_60' title='bbox 1203 1457 1306 1521; x_wconf 84' lang='lat' dir='ltr'>forma</span> <span class='ocrx_word' id='word_1_61' title='bbox 1332 1457 1440 1521; x_wconf 91' lang='lat' dir='ltr'>soluta</span> <span class='ocrx_word' id='word_1_62' title='bbox 1465 1475 1526 1521; x_wconf 91' lang='lat' dir='ltr'>ser-</span> 
     </span>
     <span class='ocr_line' id='line_1_9' title="bbox 400 1552 1526 1638; baseline -0.006 -15"><span class='ocrx_word' id='word_1_63' title='bbox 400 1562 503 1636; x_wconf 89' lang='lat' dir='ltr'>vatur,</span> <span class='ocrx_word' id='word_1_64' title='bbox 531 1556 590 1621; x_wconf 90' lang='lat' dir='ltr'>sed</span> <span class='ocrx_word' id='word_1_65' title='bbox 611 1562 685 1638; x_wconf 90' lang='lat' dir='ltr'>post</span> <span class='ocrx_word' id='word_1_66' title='bbox 705 1558 835 1621; x_wconf 93' lang='lat' dir='ltr'>vocales</span> <span class='ocrx_word' id='word_1_67' title='bbox 856 1553 1076 1621; x_wconf 73' lang='lat' dir='ltr'>contrahitur?</span> <span class='ocrx_word' id='word_1_68' title='bbox 1121 1555 1232 1621; x_wconf 84' lang='lat' dir='ltr'>Lexne</span> <span class='ocrx_word' id='word_1_69' title='bbox 1260 1554 1396 1619; x_wconf 86' lang='lat' dir='ltr'>tortasse</span> <span class='ocrx_word' id='word_1_70' title='bbox 1418 1552 1526 1633; x_wconf 84' lang='lat' dir='ltr'>detegi</span> 
     </span>
     <span class='ocr_line' id='line_1_10' title="bbox 400 1649 1525 1738; baseline -0.003 -19"><span class='ocrx_word' id='word_1_71' title='bbox 400 1660 521 1738; x_wconf 89' lang='lat' dir='ltr'>potest,</span> <span class='ocrx_word' id='word_1_72' title='bbox 555 1673 618 1735; x_wconf 89' lang='lat' dir='ltr'>qua</span> <span class='ocrx_word' id='word_1_73' title='bbox 639 1653 734 1719; x_wconf 86' lang='lat' dir='ltr'>Iones</span> <span class='ocrx_word' id='word_1_74' title='bbox 763 1653 897 1718; x_wconf 89' lang='lat' dir='ltr'>duarum</span> <span class='ocrx_word' id='word_1_75' title='bbox 925 1652 1084 1717; x_wconf 84' lang='lat' dir='ltr'>vocalium</span> <span class='ocrx_word' id='word_1_76' title='bbox 1110 1671 1298 1717; x_wconf 89' lang='lat' dir='ltr'>concursum</span> <span class='ocrx_word' id='word_1_77' title='bbox 1326 1649 1525 1731; x_wconf 88' lang='lat' dir='ltr'>admiserint,</span> 
     </span>
     <span class='ocr_line' id='line_1_11' title="bbox 399 1747 1527 1833; baseline -0.005 -14"><span class='ocrx_word' id='word_1_78' title='bbox 399 1751 610 1833; x_wconf 90' lang='lat' dir='ltr'>complurium</span> <span class='ocrx_word' id='word_1_79' title='bbox 639 1750 812 1817; x_wconf 78' lang='lat' dir='ltr'>evitarint‘l</span> <span class='ocrx_word' id='word_1_80' title='bbox 855 1747 1071 1832; x_wconf 89' lang='lat' dir='ltr'>Respicienda</span> <span class='ocrx_word' id='word_1_81' title='bbox 1092 1757 1141 1814; x_wconf 92' lang='lat' dir='ltr'>est</span> <span class='ocrx_word' id='word_1_82' title='bbox 1163 1750 1285 1814; x_wconf 89' lang='lat' dir='ltr'>vocalis</span> <span class='ocrx_word' id='word_1_83' title='bbox 1306 1747 1527 1814; x_wconf 86' lang='lat' dir='ltr'>antecedentis</span> 
     </span>
     <span class='ocr_line' id='line_1_12' title="bbox 401 1846 1526 1931; baseline -0.006 -15"><span class='ocrx_word' id='word_1_84' title='bbox 401 1854 532 1931; x_wconf 73' lang='lat' dir='ltr'>natura,</span> <span class='ocrx_word' id='word_1_85' title='bbox 555 1856 627 1931; x_wconf 91' lang='lat' dir='ltr'>post</span> <span class='ocrx_word' id='word_1_86' title='bbox 649 1849 784 1914; x_wconf 78' lang='lat' dir='ltr'>oronim</span> <span class='ocrx_word' id='word_1_87' title='bbox 807 1847 908 1912; x_wconf 90' lang='lat' dir='ltr'>nihilo</span> <span class='ocrx_word' id='word_1_88' title='bbox 930 1847 1036 1911; x_wconf 89' lang='lat' dir='ltr'>minus</span> <span class='ocrx_word' id='word_1_89' title='bbox 1058 1847 1184 1912; x_wconf 90' lang='lat' dir='ltr'>solutae</span> <span class='ocrx_word' id='word_1_90' title='bbox 1205 1846 1327 1911; x_wconf 85' lang='lat' dir='ltr'>formae</span> <span class='ocrx_word' id='word_1_91' title='bbox 1347 1850 1526 1924; x_wconf 86' lang='lat' dir='ltr'>remanant,</span> 
     </span>
     <span class='ocr_line' id='line_1_13' title="bbox 400 1942 1526 2028; baseline -0.004 -17"><span class='ocrx_word' id='word_1_92' title='bbox 400 1951 437 2011; x_wconf 91' lang='lat' dir='ltr'>ut</span> <span class='ocrx_word' id='word_1_93' title='bbox 459 1967 500 2011; x_wconf 87' lang='lat' dir='ltr'>ex</span> <span class='ocrx_word' id='word_1_94' title='bbox 521 1944 582 2010; x_wconf 92' lang='lat' dir='ltr'>hoc</span> <span class='ocrx_word' id='word_1_95' title='bbox 605 1944 751 2027; x_wconf 84' lang='lat' dir='ltr'>catalogo</span> <span class='ocrx_word' id='word_1_96' title='bbox 774 1944 959 2028; x_wconf 90' lang='lat' dir='ltr'>apparebit:</span> <span class='ocrx_word' id='word_1_97' title='bbox 983 1947 1116 2008; x_wconf 82' lang='grc' dir='ltr'><strong><em>ποιέετε</em></strong></span> <span class='ocrx_word' id='word_1_98' title='bbox 1135 1943 1264 2009; x_wconf 85' lang='lat' dir='ltr'>sexiens</span> <span class='ocrx_word' id='word_1_99' title='bbox 1285 1944 1390 2010; x_wconf 85' lang='grc'><strong>11137</strong></span> <span class='ocrx_word' id='word_1_100' title='bbox 1413 1942 1461 2008; x_wconf 93' lang='lat' dir='ltr'>IV</span> <span class='ocrx_word' id='word_1_101' title='bbox 1476 1945 1526 2008; x_wconf 88' lang='grc'>98.</span> 
     </span>
     <span class='ocr_line' id='line_1_14' title="bbox 404 2041 1526 2123; baseline -0.006 -13"><span class='ocrx_word' id='word_1_102' title='bbox 404 2047 473 2110; x_wconf 91' lang='grc'><strong>115.</strong></span> <span class='ocrx_word' id='word_1_103' title='bbox 500 2045 559 2107; x_wconf 86' lang='grc'>136</span> <span class='ocrx_word' id='word_1_104' title='bbox 589 2042 707 2123; x_wconf 84' lang='lat' dir='ltr'><strong>v186,</strong></span> <span class='ocrx_word' id='word_1_105' title='bbox 737 2048 751 2106; x_wconf 92' lang='grc'><strong>1</strong></span> <span class='ocrx_word' id='word_1_106' title='bbox 783 2043 858 2107; x_wconf 86' lang='lat' dir='ltr'>VIII</span> <span class='ocrx_word' id='word_1_107' title='bbox 882 2045 938 2123; x_wconf 91' lang='lat'>22,</span> <span class='ocrx_word' id='word_1_108' title='bbox 967 2046 1134 2107; x_wconf 80' lang='grc' dir='ltr'><strong><em>ποιέεσθε</em></strong></span> <span class='ocrx_word' id='word_1_109' title='bbox 1157 2041 1207 2107; x_wconf 85' lang='lat' dir='ltr'>IX</span> <span class='ocrx_word' id='word_1_110' title='bbox 1229 2045 1258 2123; x_wconf 82' lang='lat'>7,</span> <span class='ocrx_word' id='word_1_111' title='bbox 1288 2044 1478 2106; x_wconf 87' lang='grc' dir='ltr'><strong><em>ποιέεσθαι</em></strong></span> <span class='ocrx_word' id='word_1_112' title='bbox 1500 2059 1526 2104; x_wconf 91' lang='lat' dir='ltr'>c.</span> 
     </span>
     <span class='ocr_line' id='line_1_15' title="bbox 399 2135 1527 2221; baseline -0.004 -13"><span class='ocrx_word' id='word_1_113' title='bbox 399 2139 531 2219; x_wconf 87' lang='lat' dir='ltr'>viciens,</span> <span class='ocrx_word' id='word_1_114' title='bbox 555 2139 587 2203; x_wconf 90' lang='lat' dir='ltr'>in</span> <span class='ocrx_word' id='word_1_115' title='bbox 610 2140 679 2205; x_wconf 86' lang='lat' dir='ltr'>solo</span> <span class='ocrx_word' id='word_1_116' title='bbox 702 2140 734 2202; x_wconf 83' lang='lat' dir='ltr'><em>R</em></span> <span class='ocrx_word' id='word_1_117' title='bbox 755 2143 938 2205; x_wconf 84' lang='grc' dir='ltr'><strong><em>ποιεῖσθαι</em></strong></span> <span class='ocrx_word' id='word_1_118' title='bbox 960 2139 992 2203; x_wconf 89' lang='grc' dir='ltr'><em>Π</em></span> <span class='ocrx_word' id='word_1_119' title='bbox 1010 2144 1037 2220; x_wconf 92' lang='grc'>1,</span> <span class='ocrx_word' id='word_1_120' title='bbox 1061 2135 1177 2204; x_wconf 84' lang='grc' dir='ltr'><strong><em>ἐποίεε</em></strong></span> <span class='ocrx_word' id='word_1_121' title='bbox 1198 2158 1224 2202; x_wconf 91' lang='lat' dir='ltr'>c.</span> <span class='ocrx_word' id='word_1_122' title='bbox 1241 2137 1458 2221; x_wconf 81' lang='lat' dir='ltr'>quadragiens</span> <span class='ocrx_word' id='word_1_123' title='bbox 1479 2157 1527 2203; x_wconf 90' lang='lat' dir='ltr'>us·</span> 
     </span>
     <span class='ocr_line' id='line_1_16' title="bbox 401 2234 1526 2319; baseline -0.001 -20"><span class='ocrx_word' id='word_1_124' title='bbox 401 2256 463 2319; x_wconf 89' lang='lat' dir='ltr'>que</span> <span class='ocrx_word' id='word_1_125' title='bbox 486 2234 529 2300; x_wconf 89' lang='lat' dir='ltr'>ad</span> <span class='ocrx_word' id='word_1_126' title='bbox 551 2236 667 2302; x_wconf 89' lang='lat' dir='ltr'>librum</span> <span class='ocrx_word' id='word_1_127' title='bbox 690 2245 814 2303; x_wconf 82' lang='lat' dir='ltr'>sextum</span> <span class='ocrx_word' id='word_1_128' title='bbox 841 2245 871 2307; x_wconf 87' lang='lat' dir='ltr'>(e</span> <span class='ocrx_word' id='word_1_129' title='bbox 894 2236 1063 2319; x_wconf 81' lang='lat' dir='ltr'>postremis</span> <span class='ocrx_word' id='word_1_130' title='bbox 1085 2236 1175 2301; x_wconf 89' lang='lat' dir='ltr'>libris</span> <span class='ocrx_word' id='word_1_131' title='bbox 1197 2236 1238 2301; x_wconf 91' lang='lat' dir='ltr'>de</span> <span class='ocrx_word' id='word_1_132' title='bbox 1261 2235 1321 2300; x_wconf 91' lang='lat' dir='ltr'>hac</span> <span class='ocrx_word' id='word_1_133' title='bbox 1343 2254 1423 2301; x_wconf 90' lang='lat' dir='ltr'>voce</span> <span class='ocrx_word' id='word_1_134' title='bbox 1446 2234 1526 2299; x_wconf 91' lang='lat' dir='ltr'>nihil</span> 
     </span>
     <span class='ocr_line' id='line_1_17' title="bbox 399 2330 1526 2418; baseline -0.004 -19"><span class='ocrx_word' id='word_1_135' title='bbox 399 2334 521 2413; x_wconf 90' lang='lat' dir='ltr'>notavi,</span> <span class='ocrx_word' id='word_1_136' title='bbox 544 2353 583 2399; x_wconf 90' lang='lat' dir='ltr'>ea</span> <span class='ocrx_word' id='word_1_137' title='bbox 599 2354 681 2415; x_wconf 87' lang='lat' dir='ltr'>quae</span> <span class='ocrx_word' id='word_1_138' title='bbox 696 2335 782 2400; x_wconf 92' lang='lat' dir='ltr'>volui</span> <span class='ocrx_word' id='word_1_139' title='bbox 798 2333 947 2418; x_wconf 84' lang='lat' dir='ltr'>adeptus)</span> <span class='ocrx_word' id='word_1_140' title='bbox 969 2338 1125 2399; x_wconf 84' lang='grc' dir='ltr'><strong><em>ποιέεται</em></strong></span> <span class='ocrx_word' id='word_1_141' title='bbox 1140 2332 1345 2412; x_wconf 87' lang='lat' dir='ltr'>duodeciens,</span> <span class='ocrx_word' id='word_1_142' title='bbox 1370 2330 1526 2398; x_wconf 80' lang='grc' dir='ltr'><strong><em>ἐποιέετο</em></strong></span> 
     </span>
     <span class='ocr_line' id='line_1_18' title="bbox 400 2430 1527 2514; baseline -0.004 -17"><span class='ocrx_word' id='word_1_143' title='bbox 400 2451 427 2497; x_wconf 89' lang='lat' dir='ltr'>c.</span> <span class='ocrx_word' id='word_1_144' title='bbox 444 2431 582 2512; x_wconf 82' lang='lat' dir='ltr'>triciens,</span> <span class='ocrx_word' id='word_1_145' title='bbox 606 2436 640 2496; x_wconf 92' lang='lat' dir='ltr'>ut</span> <span class='ocrx_word' id='word_1_146' title='bbox 655 2456 687 2497; x_wconf 87' lang='grc' dir='ltr'>ει</span> <span class='ocrx_word' id='word_1_147' title='bbox 707 2438 837 2514; x_wconf 89' lang='lat' dir='ltr'>propter</span> <span class='ocrx_word' id='word_1_148' title='bbox 851 2431 1047 2497; x_wconf 87' lang='lat' dir='ltr'>antecedens</span> <span class='ocrx_word' id='word_1_149' title='bbox 1063 2456 1096 2496; x_wconf 95' lang='grc' dir='ltr'>οι</span> <span class='ocrx_word' id='word_1_150' title='bbox 1111 2452 1176 2496; x_wconf 91' lang='lat' dir='ltr'>non</span> <span class='ocrx_word' id='word_1_151' title='bbox 1199 2430 1346 2513; x_wconf 82' lang='lat' dir='ltr'>progigni</span> <span class='ocrx_word' id='word_1_152' title='bbox 1361 2430 1396 2494; x_wconf 93' lang='lat' dir='ltr'>in</span> <span class='ocrx_word' id='word_1_153' title='bbox 1413 2436 1527 2513; x_wconf 87' lang='lat' dir='ltr'>aperto</span> 
     </span>
     <span class='ocr_line' id='line_1_19' title="bbox 400 2526 1528 2612; baseline -0.001 -18"><span class='ocrx_word' id='word_1_154' title='bbox 400 2528 452 2595; x_wconf 90' lang='lat' dir='ltr'>sit.</span> <span class='ocrx_word' id='word_1_155' title='bbox 483 2552 500 2592; x_wconf 96' lang='grc' dir='ltr'><strong><em>ο</em></strong></span> <span class='ocrx_word' id='word_1_156' title='bbox 516 2534 593 2594; x_wconf 91' lang='lat' dir='ltr'>ante</span> <span class='ocrx_word' id='word_1_157' title='bbox 609 2552 643 2593; x_wconf 90' lang='grc' dir='ltr'>εε</span> <span class='ocrx_word' id='word_1_158' title='bbox 660 2530 801 2611; x_wconf 87' lang='lat' dir='ltr'>septiens</span> <span class='ocrx_word' id='word_1_159' title='bbox 823 2529 995 2612; x_wconf 79' lang='lat' dir='ltr'>reperitur3</span> <span class='ocrx_word' id='word_1_160' title='bbox 1018 2531 1157 2611; x_wconf 91' lang='lat' dir='ltr'>quinque</span> <span class='ocrx_word' id='word_1_161' title='bbox 1179 2529 1258 2593; x_wconf 90' lang='lat' dir='ltr'>locis</span> <span class='ocrx_word' id='word_1_162' title='bbox 1273 2546 1385 2593; x_wconf 89' lang='lat' dir='ltr'>omncs</span> <span class='ocrx_word' id='word_1_163' title='bbox 1400 2526 1528 2593; x_wconf 89' lang='lat' dir='ltr'>codices</span> 
     </span>
     <span class='ocr_line' id='line_1_20' title="bbox 400 2624 1526 2706; baseline 0 -15"><span class='ocrx_word' id='word_1_164' title='bbox 400 2627 434 2691; x_wconf 93' lang='lat' dir='ltr'>in</span> <span class='ocrx_word' id='word_1_165' title='bbox 458 2649 492 2690; x_wconf 89' lang='grc' dir='ltr'>ιε</span> <span class='ocrx_word' id='word_1_166' title='bbox 515 2626 734 2706; x_wconf 86' lang='lat' dir='ltr'>consentiunt,</span> <span class='ocrx_word' id='word_1_167' title='bbox 765 2625 888 2692; x_wconf 90' lang='lat' dir='ltr'>duobus</span> <span class='ocrx_word' id='word_1_168' title='bbox 916 2627 995 2691; x_wconf 91' lang='lat' dir='ltr'>locis</span> <span class='ocrx_word' id='word_1_169' title='bbox 1022 2627 1126 2691; x_wconf 88' lang='lat' dir='ltr'>altera</span> <span class='ocrx_word' id='word_1_170' title='bbox 1147 2625 1291 2691; x_wconf 88' lang='lat' dir='ltr'>codicum</span> <span class='ocrx_word' id='word_1_171' title='bbox 1321 2624 1447 2690; x_wconf 84' lang='lat' dir='ltr'>familia</span> <span class='ocrx_word' id='word_1_172' title='bbox 1476 2624 1526 2701; x_wconf 86' lang='lat' dir='ltr'>(ct</span> 
     </span>
     <span class='ocr_line' id='line_1_21' title="bbox 342 2721 1526 2806; baseline -0.001 -18"><span class='ocrx_word' id='word_1_173' title='bbox 342 2773 346 2780; x_wconf 88' lang='lat'><em>.</em></span> <span class='ocrx_word' id='word_1_174' title='bbox 401 2721 516 2788; x_wconf 90' lang='lat' dir='ltr'>Steinii</span> <span class='ocrx_word' id='word_1_175' title='bbox 539 2722 639 2805; x_wconf 86' lang='lat' dir='ltr'>praef.</span> <span class='ocrx_word' id='word_1_176' title='bbox 663 2744 693 2805; x_wconf 91' lang='lat' dir='ltr'>p.</span> <span class='ocrx_word' id='word_1_177' title='bbox 717 2722 811 2794; x_wconf 85' lang='lat' dir='ltr'>XXI)</span> <span class='ocrx_word' id='word_1_178' title='bbox 842 2746 873 2787; x_wconf 90' lang='grc' dir='ltr'>ει</span> <span class='ocrx_word' id='word_1_179' title='bbox 895 2725 1038 2806; x_wconf 88' lang='lat' dir='ltr'>praebet</span> <span class='ocrx_word' id='word_1_180' title='bbox 1083 2723 1166 2789; x_wconf 89' lang='lat' dir='ltr'>Sunt</span> <span class='ocrx_word' id='word_1_181' title='bbox 1187 2724 1273 2788; x_wconf 88' lang='lat' dir='ltr'>enim</span> <span class='ocrx_word' id='word_1_182' title='bbox 1302 2721 1526 2788; x_wconf 79' lang='grc' dir='ltr'><strong><em>διανοέεσθαι</em></strong></span> 
     </span>
     <span class='ocr_line' id='line_1_22' title="bbox 400 2815 1528 2903; baseline 0.001 -18"><span class='ocrx_word' id='word_1_183' title='bbox 400 2820 434 2885; x_wconf 94' lang='lat' dir='ltr'>II</span> <span class='ocrx_word' id='word_1_184' title='bbox 459 2823 535 2901; x_wconf 90' lang='lat'><strong>121,</strong></span> <span class='ocrx_word' id='word_1_185' title='bbox 560 2823 595 2900; x_wconf 89' lang='grc'>4,</span> <span class='ocrx_word' id='word_1_186' title='bbox 624 2815 717 2884; x_wconf 81' lang='grc' dir='ltr'><strong><em>ἐνόεε</em></strong></span> <span class='ocrx_word' id='word_1_187' title='bbox 746 2819 845 2883; x_wconf 89' lang='grc' dir='ltr'><strong>Ι155</strong></span> <span class='ocrx_word' id='word_1_188' title='bbox 875 2821 954 2886; x_wconf 93' lang='lat' dir='ltr'>VIII</span> <span class='ocrx_word' id='word_1_189' title='bbox 979 2824 1054 2903; x_wconf 79' lang='lat'><strong>102,</strong></span> <span class='ocrx_word' id='word_1_190' title='bbox 1084 2819 1224 2887; x_wconf 76' lang='grc' dir='ltr'><strong><em>ἐπενόεε</em></strong></span> <span class='ocrx_word' id='word_1_191' title='bbox 1254 2822 1270 2885; x_wconf 96' lang='grc' dir='ltr'><strong>Ι</strong></span> <span class='ocrx_word' id='word_1_192' title='bbox 1296 2823 1336 2884; x_wconf 88' lang='grc'>27</span> <span class='ocrx_word' id='word_1_193' title='bbox 1367 2820 1416 2885; x_wconf 89' lang='grc' dir='ltr'>ΠΙ</span> <span class='ocrx_word' id='word_1_194' title='bbox 1438 2824 1478 2885; x_wconf 87' lang='lat'>31</span> <span class='ocrx_word' id='word_1_195' title='bbox 1509 2840 1528 2886; x_wconf 92' lang='lat' dir='ltr'>e</span> 
     </span>
     <span class='ocr_line' id='line_1_23' title="bbox 400 2915 1528 3001; baseline 0.004 -20"><span class='ocrx_word' id='word_1_196' title='bbox 400 2916 545 2982; x_wconf 88' lang='lat' dir='ltr'>codicum</span> <span class='ocrx_word' id='word_1_197' title='bbox 578 2915 748 2998; x_wconf 88' lang='lat' dir='ltr'>conjuncta</span> <span class='ocrx_word' id='word_1_198' title='bbox 776 2919 930 2984; x_wconf 88' lang='lat' dir='ltr'>memoria</span> <span class='ocrx_word' id='word_1_199' title='bbox 960 2924 1095 3001; x_wconf 88' lang='lat' dir='ltr'>testata,</span> <span class='ocrx_word' id='word_1_200' title='bbox 1128 2919 1186 2986; x_wconf 90' lang='lat' dir='ltr'>sad</span> <span class='ocrx_word' id='word_1_201' title='bbox 1216 2938 1256 2984; x_wconf 82' lang='lat' dir='ltr'>ex</span> <span class='ocrx_word' id='word_1_202' title='bbox 1284 2916 1400 2982; x_wconf 88' lang='lat' dir='ltr'>ABCd</span> <span class='ocrx_word' id='word_1_203' title='bbox 1425 2919 1528 2985; x_wconf 84' lang='lat' dir='ltr'>habes</span> 
     </span>
     <span class='ocr_line' id='line_1_24' title="bbox 402 3013 1526 3099; baseline 0.002 -20"><span class='ocrx_word' id='word_1_204' title='bbox 402 3013 621 3079; x_wconf 82' lang='grc' dir='ltr'><strong><em>διανοεῖσθαι</em></strong></span> <span class='ocrx_word' id='word_1_205' title='bbox 644 3013 685 3078; x_wconf 93' lang='lat' dir='ltr'>VI</span> <span class='ocrx_word' id='word_1_206' title='bbox 709 3018 759 3096; x_wconf 86' lang='grc'>86,</span> <span class='ocrx_word' id='word_1_207' title='bbox 784 3020 813 3096; x_wconf 86' lang='grc'>4,</span> <span class='ocrx_word' id='word_1_208' title='bbox 840 3013 978 3081; x_wconf 75' lang='grc' dir='ltr'><strong><em>ἐπενόει</em></strong></span> <span class='ocrx_word' id='word_1_209' title='bbox 999 3016 1032 3080; x_wconf 92' lang='grc' dir='ltr'>Π</span> <span class='ocrx_word' id='word_1_210' title='bbox 1056 3019 1126 3097; x_wconf 88' lang='grc'><strong>152,</strong></span> <span class='ocrx_word' id='word_1_211' title='bbox 1150 3036 1242 3099; x_wconf 87' lang='lat' dir='ltr'>quae,</span> <span class='ocrx_word' id='word_1_212' title='bbox 1265 3018 1412 3099; x_wconf 89' lang='lat' dir='ltr'>quamvis</span> <span class='ocrx_word' id='word_1_213' title='bbox 1434 3016 1526 3082; x_wconf 89' lang='lat' dir='ltr'>multi</span> 
     </span>
     <span class='ocr_line' id='line_1_25' title="bbox 401 3111 1525 3198; baseline -0.002 -19"><span class='ocrx_word' id='word_1_214' title='bbox 401 3132 441 3179; x_wconf 88' lang='lat' dir='ltr'>ea</span> <span class='ocrx_word' id='word_1_215' title='bbox 461 3112 599 3177; x_wconf 88' lang='lat' dir='ltr'>librariis</span> <span class='ocrx_word' id='word_1_216' title='bbox 621 3111 699 3178; x_wconf 90' lang='lat' dir='ltr'>vitio</span> <span class='ocrx_word' id='word_1_217' title='bbox 723 3112 814 3194; x_wconf 89' lang='lat' dir='ltr'>dent,</span> <span class='ocrx_word' id='word_1_218' title='bbox 843 3113 985 3196; x_wconf 78' lang='lat' dir='ltr'>genuina</span> <span class='ocrx_word' id='word_1_219' title='bbox 1010 3131 1097 3193; x_wconf 91' lang='lat' dir='ltr'>esse,</span> <span class='ocrx_word' id='word_1_220' title='bbox 1129 3119 1163 3178; x_wconf 93' lang='lat' dir='ltr'>nt</span> <span class='ocrx_word' id='word_1_221' title='bbox 1185 3114 1382 3180; x_wconf 90' lang='lat' dir='ltr'>Herodotum</span> <span class='ocrx_word' id='word_1_222' title='bbox 1410 3122 1525 3198; x_wconf 91' lang='lat' dir='ltr'>posto</span> 
     </span>
     <span class='ocr_line' id='line_1_26' title="bbox 400 3209 1528 3295; baseline 0 -18"><span class='ocrx_word' id='word_1_223' title='bbox 400 3216 433 3277; x_wconf 89' lang='lat' dir='ltr'>et</span> <span class='ocrx_word' id='word_1_224' title='bbox 455 3234 489 3277; x_wconf 93' lang='grc' dir='ltr'>εε</span> <span class='ocrx_word' id='word_1_225' title='bbox 513 3216 545 3276; x_wconf 92' lang='lat' dir='ltr'>et</span> <span class='ocrx_word' id='word_1_226' title='bbox 568 3234 618 3275; x_wconf 90' lang='grc' dir='ltr'>εει</span> <span class='ocrx_word' id='word_1_227' title='bbox 646 3211 845 3277; x_wconf 86' lang='lat' dir='ltr'>contraxisse</span> <span class='ocrx_word' id='word_1_228' title='bbox 871 3209 1019 3275; x_wconf 89' lang='lat' dir='ltr'>concludi</span> <span class='ocrx_word' id='word_1_229' title='bbox 1046 3210 1163 3294; x_wconf 92' lang='lat' dir='ltr'>possit,</span> <span class='ocrx_word' id='word_1_230' title='bbox 1193 3212 1227 3276; x_wconf 93' lang='lat' dir='ltr'>in</span> <span class='ocrx_word' id='word_1_231' title='bbox 1255 3232 1383 3295; x_wconf 81' lang='lat' dir='ltr'>paragr.</span> <span class='ocrx_word' id='word_1_232' title='bbox 1413 3219 1528 3295; x_wconf 86' lang='lat' dir='ltr'>quarta</span> 
     </span>
     <span class='ocr_line' id='line_1_27' title="bbox 400 3306 578 3374; baseline -0.011 -1"><span class='ocrx_word' id='word_1_233' title='bbox 400 3306 578 3374; x_wconf 88' lang='lat' dir='ltr'>ostendam.</span> 
     </span>
    </p>

    <p class='ocr_par' dir='ltr' id='par_1_5' title="bbox 399 3402 1528 4363">
     <span class='ocr_line' id='line_1_28' title="bbox 485 3402 1527 3490; baseline 0.005 -23"><span class='ocrx_word' id='word_1_234' title='bbox 485 3403 577 3483; x_wconf 78' lang='lat' dir='ltr'>Quae</span> <span class='ocrx_word' id='word_1_235' title='bbox 605 3403 711 3469; x_wconf 93' lang='lat' dir='ltr'>adhuc</span> <span class='ocrx_word' id='word_1_236' title='bbox 741 3402 918 3487; x_wconf 86' lang='lat' dir='ltr'>disputavi,</span> <span class='ocrx_word' id='word_1_237' title='bbox 948 3403 1136 3469; x_wconf 87' lang='lat' dir='ltr'>confirmant</span> <span class='ocrx_word' id='word_1_238' title='bbox 1164 3406 1270 3488; x_wconf 91' lang='lat' dir='ltr'>potius</span> <span class='ocrx_word' id='word_1_239' title='bbox 1299 3426 1396 3490; x_wconf 89' lang='lat' dir='ltr'>quam</span> <span class='ocrx_word' id='word_1_240' title='bbox 1426 3406 1527 3472; x_wconf 93' lang='lat' dir='ltr'>immi·</span> 
     </span>
     <span class='ocr_line' id='line_1_29' title="bbox 400 3501 1528 3585; baseline 0.001 -17"><span class='ocrx_word' id='word_1_241' title='bbox 400 3507 504 3569; x_wconf 90' lang='lat' dir='ltr'>nuunt</span> <span class='ocrx_word' id='word_1_242' title='bbox 526 3520 634 3566; x_wconf 89' lang='lat' dir='ltr'>eorum</span> <span class='ocrx_word' id='word_1_243' title='bbox 656 3501 850 3585; x_wconf 89' lang='lat' dir='ltr'>opinionem,</span> <span class='ocrx_word' id='word_1_244' title='bbox 874 3501 927 3585; x_wconf 92' lang='lat' dir='ltr'>qui</span> <span class='ocrx_word' id='word_1_245' title='bbox 942 3502 1075 3567; x_wconf 90' lang='lat' dir='ltr'>Ionibus</span> <span class='ocrx_word' id='word_1_246' title='bbox 1090 3521 1245 3567; x_wconf 90' lang='lat' dir='ltr'>summam</span> <span class='ocrx_word' id='word_1_247' title='bbox 1261 3504 1421 3570; x_wconf 89' lang='lat' dir='ltr'>vocalium</span> <span class='ocrx_word' id='word_1_248' title='bbox 1444 3505 1528 3571; x_wconf 92' lang='lat' dir='ltr'>solu-</span> 
     </span>
     <span class='ocr_line' id='line_1_30' title="bbox 400 3596 1527 3686; baseline 0 -20"><span class='ocrx_word' id='word_1_249' title='bbox 400 3606 504 3666; x_wconf 82' lang='lat' dir='ltr'>tamm</span> <span class='ocrx_word' id='word_1_250' title='bbox 536 3596 719 3679; x_wconf 91' lang='lat' dir='ltr'>cupidinem</span> <span class='ocrx_word' id='word_1_251' title='bbox 750 3599 924 3664; x_wconf 86' lang='lat' dir='ltr'>ascribunt.</span> <span class='ocrx_word' id='word_1_252' title='bbox 968 3599 1040 3678; x_wconf 79' lang='lat' dir='ltr'>Qua</span> <span class='ocrx_word' id='word_1_253' title='bbox 1072 3620 1093 3664; x_wconf 92' lang='lat' dir='ltr'>a</span> <span class='ocrx_word' id='word_1_254' title='bbox 1125 3598 1291 3681; x_wconf 88' lang='lat' dir='ltr'>cupidine,</span> <span class='ocrx_word' id='word_1_255' title='bbox 1329 3621 1425 3684; x_wconf 89' lang='lat' dir='ltr'>quam</span> <span class='ocrx_word' id='word_1_256' title='bbox 1458 3622 1527 3686; x_wconf 91' lang='lat' dir='ltr'>per·</span> 
     </span>
     <span class='ocr_line' id='line_1_31' title="bbox 401 3692 1527 3783; baseline 0.004 -22"><span class='ocrx_word' id='word_1_257' title='bbox 401 3695 493 3766; x_wconf 82' lang='lat' dir='ltr'>multi</span> <span class='ocrx_word' id='word_1_258' title='bbox 515 3694 576 3761; x_wconf 89' lang='lat' dir='ltr'>sibi</span> <span class='ocrx_word' id='word_1_259' title='bbox 598 3692 738 3777; x_wconf 83' lang='lat' dir='ltr'>fingunt,</span> <span class='ocrx_word' id='word_1_260' title='bbox 768 3696 847 3761; x_wconf 91' lang='lat' dir='ltr'>mire</span> <span class='ocrx_word' id='word_1_261' title='bbox 870 3696 1032 3777; x_wconf 91' lang='lat' dir='ltr'>dissentit,</span> <span class='ocrx_word' id='word_1_262' title='bbox 1055 3694 1140 3779; x_wconf 92' lang='lat' dir='ltr'>quod</span> <span class='ocrx_word' id='word_1_263' title='bbox 1162 3716 1268 3779; x_wconf 89' lang='lat' dir='ltr'>neque</span> <span class='ocrx_word' id='word_1_264' title='bbox 1288 3707 1361 3780; x_wconf 91' lang='lat' dir='ltr'>post</span> <span class='ocrx_word' id='word_1_265' title='bbox 1386 3723 1399 3764; x_wconf 96' lang='grc' dir='ltr'>ι</span> <span class='ocrx_word' id='word_1_266' title='bbox 1422 3720 1527 3783; x_wconf 88' lang='lat' dir='ltr'>neque</span> 
     </span>
     <span class='ocr_line' id='line_1_32' title="bbox 401 3792 1528 3881; baseline 0.003 -23"><span class='ocrx_word' id='word_1_267' title='bbox 401 3818 421 3881; x_wconf 85' lang='grc' dir='ltr'><em>η</em></span> <span class='ocrx_word' id='word_1_268' title='bbox 446 3816 480 3858; x_wconf 89' lang='grc' dir='ltr'>εε</span> <span class='ocrx_word' id='word_1_269' title='bbox 503 3792 664 3857; x_wconf 86' lang='lat' dir='ltr'>toleratur.</span> <span class='ocrx_word' id='word_1_270' title='bbox 709 3792 743 3857; x_wconf 88' lang='lat' dir='ltr'>Si</span> <span class='ocrx_word' id='word_1_271' title='bbox 766 3792 829 3858; x_wconf 92' lang='lat' dir='ltr'>hae</span> <span class='ocrx_word' id='word_1_272' title='bbox 851 3793 980 3859; x_wconf 88' lang='lat' dir='ltr'>vocales</span> <span class='ocrx_word' id='word_1_273' title='bbox 1002 3792 1213 3875; x_wconf 89' lang='lat' dir='ltr'>antecedunt,</span> <span class='ocrx_word' id='word_1_274' title='bbox 1243 3793 1369 3860; x_wconf 90' lang='lat' dir='ltr'>codices</span> <span class='ocrx_word' id='word_1_275' title='bbox 1392 3815 1433 3861; x_wconf 93' lang='lat' dir='ltr'>ea</span> <span class='ocrx_word' id='word_1_276' title='bbox 1454 3816 1528 3861; x_wconf 87' lang='lat' dir='ltr'>con-</span> 
     </span>
     <span class='ocr_line' id='line_1_33' title="bbox 399 3888 1526 3972; baseline 0 -15"><span class='ocrx_word' id='word_1_277' title='bbox 399 3890 533 3972; x_wconf 88' lang='lat' dir='ltr'>stantia,</span> <span class='ocrx_word' id='word_1_278' title='bbox 563 3909 645 3971; x_wconf 87' lang='lat' dir='ltr'>quae</span> <span class='ocrx_word' id='word_1_279' title='bbox 671 3888 901 3956; x_wconf 87' lang='lat' dir='ltr'>dubitationem</span> <span class='ocrx_word' id='word_1_280' title='bbox 932 3890 1006 3955; x_wconf 88' lang='lat' dir='ltr'>oriri</span> <span class='ocrx_word' id='word_1_281' title='bbox 1036 3897 1137 3970; x_wconf 91' lang='lat' dir='ltr'>vetet,</span> <span class='ocrx_word' id='word_1_282' title='bbox 1168 3890 1300 3956; x_wconf 82' lang='lat' dir='ltr'>formam</span> <span class='ocrx_word' id='word_1_283' title='bbox 1329 3899 1526 3959; x_wconf 87' lang='lat' dir='ltr'>contractam</span> 
     </span>
     <span class='ocr_line' id='line_1_34' title="bbox 399 3985 1527 4071; baseline 0.002 -19"><span class='ocrx_word' id='word_1_284' title='bbox 399 3987 540 4053; x_wconf 76' lang='lat' dir='ltr'>tradunt.</span> <span class='ocrx_word' id='word_1_285' title='bbox 585 3986 655 4051; x_wconf 90' lang='lat' dir='ltr'>Huc</span> <span class='ocrx_word' id='word_1_286' title='bbox 677 3989 816 4071; x_wconf 92' lang='lat' dir='ltr'>pertinet</span> <span class='ocrx_word' id='word_1_287' title='bbox 837 3989 975 4053; x_wconf 86' lang='lat' dir='ltr'>loturum</span> <span class='ocrx_word' id='word_1_288' title='bbox 999 3988 1147 4068; x_wconf 88' lang='lat' dir='ltr'>atticum,</span> <span class='ocrx_word' id='word_1_289' title='bbox 1178 3985 1263 4069; x_wconf 86' lang='lat' dir='ltr'>quod</span> <span class='ocrx_word' id='word_1_290' title='bbox 1285 3999 1432 4070; x_wconf 85' lang='lat' dir='ltr'>vocatur,</span> <span class='ocrx_word' id='word_1_291' title='bbox 1458 4010 1527 4057; x_wconf 88' lang='lat' dir='ltr'>ver·</span> 
     </span>
     <span class='ocr_line' id='line_1_35' title="bbox 400 4079 1526 4167; baseline -0.001 -16"><span class='ocrx_word' id='word_1_292' title='bbox 400 4086 512 4151; x_wconf 85' lang='lat' dir='ltr'>borum</span> <span class='ocrx_word' id='word_1_293' title='bbox 545 4085 579 4147; x_wconf 91' lang='lat' dir='ltr'>in</span> <span class='ocrx_word' id='word_1_294' title='bbox 612 4082 690 4162; x_wconf 83' lang='grc' dir='ltr'><strong><em>-ιζω</em></strong></span> <span class='ocrx_word' id='word_1_295' title='bbox 725 4085 926 4165; x_wconf 73' lang='lat' dir='ltr'>exeuntium,</span> <span class='ocrx_word' id='word_1_296' title='bbox 960 4085 1077 4167; x_wconf 76' lang='lat' dir='ltr'>legitur</span> <span class='ocrx_word' id='word_1_297' title='bbox 1115 4103 1207 4167; x_wconf 85' lang='lat' dir='ltr'>ergo:</span> <span class='ocrx_word' id='word_1_298' title='bbox 1245 4079 1526 4167; x_wconf 78' lang='grc' dir='ltr'><strong><em>ἀνδραποδιεῖται</em></strong></span> 
     </span>
     <span class='ocr_line' id='line_1_36' title="bbox 400 4179 1526 4265; baseline 0.004 -23"><span class='ocrx_word' id='word_1_299' title='bbox 400 4180 444 4244; x_wconf 89' lang='lat' dir='ltr'>Vl</span> <span class='ocrx_word' id='word_1_300' title='bbox 469 4184 518 4263; x_wconf 83' lang='grc'>17,</span> <span class='ocrx_word' id='word_1_301' title='bbox 539 4184 738 4263; x_wconf 86' lang='grc' dir='ltr'><strong><em>χαριεῖσθαι</em></strong></span> <span class='ocrx_word' id='word_1_302' title='bbox 761 4180 778 4244; x_wconf 95' lang='grc' dir='ltr'><strong>Ι</strong></span> <span class='ocrx_word' id='word_1_303' title='bbox 803 4184 861 4246; x_wconf 89' lang='grc'>158</span> <span class='ocrx_word' id='word_1_304' title='bbox 885 4182 1007 4263; x_wconf 85' lang='lat'><strong>11139,</strong></span> <span class='ocrx_word' id='word_1_305' title='bbox 1034 4186 1215 4264; x_wconf 85' lang='grc' dir='ltr'><strong><em>χαριεῖσθε</em></strong></span> <span class='ocrx_word' id='word_1_306' title='bbox 1238 4181 1283 4245; x_wconf 91' lang='lat' dir='ltr'>IV</span> <span class='ocrx_word' id='word_1_307' title='bbox 1306 4184 1357 4265; x_wconf 87' lang='grc'>98,</span> <span class='ocrx_word' id='word_1_308' title='bbox 1380 4179 1526 4250; x_wconf 76' lang='grc' dir='ltr'><strong><em>διασκο-</em></strong></span> 
     </span>
     <span class='ocr_line' id='line_1_37' title="bbox 400 4276 1526 4363; baseline 0.005 -23"><span class='ocrx_word' id='word_1_309' title='bbox 400 4276 604 4342; x_wconf 85' lang='grc' dir='ltr'><strong><em>λοπιεῖσθαι</em></strong></span> <span class='ocrx_word' id='word_1_310' title='bbox 636 4278 685 4341; x_wconf 85' lang='grc' dir='ltr'>ΙΙΙ</span> <span class='ocrx_word' id='word_1_311' title='bbox 714 4280 754 4342; x_wconf 88' lang='grc'>32</span> <span class='ocrx_word' id='word_1_312' title='bbox 785 4277 832 4341; x_wconf 90' lang='lat' dir='ltr'>IV</span> <span class='ocrx_word' id='word_1_313' title='bbox 859 4282 915 4360; x_wconf 88' lang='grc'>43,</span> <span class='ocrx_word' id='word_1_314' title='bbox 953 4276 1204 4345; x_wconf 74' lang='grc' dir='ltr'><strong><em>ἐπισιτιεῖσθαι</em></strong></span> <span class='ocrx_word' id='word_1_315' title='bbox 1236 4277 1298 4343; x_wconf 95' lang='lat' dir='ltr'>VII</span> <span class='ocrx_word' id='word_1_316' title='bbox 1328 4283 1405 4362; x_wconf 84' lang='lat'><strong>176,</strong></span> <span class='ocrx_word' id='word_1_317' title='bbox 1444 4299 1526 4363; x_wconf 85' lang='lat' dir='ltr'>quac</span> 
     </span>
    </p>
   </div>
   <div class='ocr_carea' id='block_1_3' title="bbox 0 0 1794 5334">
    <p class='ocr_par' dir='ltr' id='par_1_6' title="bbox 0 0 1794 5334">
     <span class='ocr_line' id='line_1_38' title="bbox 0 0 1794 5334; baseline 0 0"><span class='ocrx_word' id='word_1_318' title='bbox 0 0 1794 5334; x_wconf 95' lang='lat' dir='ltr'> </span> 
     </span>
    </p>
   </div>
  </div>
 </body>
</html>
