3575 5334
484 704 517 758 de
534 703 688 758 nominibus
707 704 867 760 suffixorum
884 711 941 760 ent·
958 712 985 761 et
1002 709 1087 763 ariao·
1104 725 1156 781 ope
1172 710 1304 768 formatis.
1399 714 1459 775 351

335 876 505 959 adjectivis
528 876 561 939 in
583 875 670 937 dicos
693 884 724 941 et
745 878 831 939 obius
853 878 1114 961 proficiscendum
1139 890 1187 948 est
1208 886 1312 967 nobis,
1336 893 1461 953 utrem

335 980 476 1038 nostram
499 973 542 1037 ad
564 973 824 1055 probabilitatem
848 976 1009 1058 quandam
1030 978 1254 1061 producamus.

418 1070 522 1148 Quum
545 1071 629 1135 enim
652 1071 764 1135 horum
779 1074 1006 1139 vocabulorum
1022 1078 1273 1158 comparativum
1296 1085 1328 1144 et
1350 1100 1457 1163 super·

334 1168 469 1233 lativum
492 1170 586 1249 quasi
604 1170 731 1260 -entior,
761 1172 951 1233 -enttsrimos
975 1172 1096 1237 suffixis
1118 1174 1255 1241 formare
1277 1179 1460 1243 consuevis-

334 1272 462 1332 sent-
478 1266 608 1347 positivi
624 1268 656 1330 in
672 1288 740 1330 -eas
756 1268 940 1333 desinentes
955 1276 1067 1351 postea
1082 1291 1146 1334 non
1158 1271 1227 1353 jam
1244 1280 1336 1338 erant
1350 1274 1383 1338 in
1399 1294 1458 1339 usu

335 1400 373 1409 —
390 1364 592 1430 immemores
614 1364 694 1431 haec
709 1364 824 1430 suffixa
841 1384 969 1430 revera
991 1386 1031 1431 ex
1048 1367 1171 1433 duobus
1193 1371 1359 1452 coaluisse,
1383 1392 1459 1453 quo·

334 1483 401 1525 rum
418 1462 505 1544 prius
524 1472 591 1524 eat·
605 1462 647 1526 ad
664 1464 794 1546 stirpem
818 1464 957 1540 (colena,
982 1464 1110 1539 dicent-l
1127 1467 1295 1548 pertineat,
1318 1469 1457 1533 alterum

333 1565 457 1623 tantum
472 1560 548 1633 -ior,
564 1561 701 1621 -isszbaus
716 1562 926 1643 comparativi
945 1568 977 1626 et
998 1562 1186 1643 superlativi
1200 1565 1457 1631 terminationem

333 1657 510 1740 contineat,
547 1657 722 1722 secundum
750 1678 858 1723 eorum
886 1659 1069 1741 analogiam
1099 1661 1195 1725 etiam
1224 1662 1458 1745 adjectivorum

333 1754 364 1819 in
388 1753 482 1837 -ficas
498 1756 734 1838 comparativus
753 1762 785 1820 et
800 1756 1015 1838 superlativus
1038 1757 1174 1839 syllabis
1195 1761 1326 1838 -eotior‚
1348 1762 1458 1822 -eatis-

332 1855 427 1914 nmero
456 1854 623 1935 paullatim
658 1852 875 1934 fingebantur,
909 1853 1009 1917 veluti
1038 1854 1274 1937 participiorum
1304 1877 1325 1921 a
1351 1856 1459 1923 verbis

332 1947 537 2031 *beneficae
558 1956 673 2032 (praes.
690 1947 884 2031 *baresicob
908 1947 1119 2032 *maleficias
1142 1959 1195 2016 ctt.
1219 1957 1313 2035 (quae
1328 1955 1458 2035 quidem

332 2048 478 2112 formatio
504 2049 603 2131 plane
625 2048 776 2112 abhorret
804 2048 976 2128 alinguae
1004 2048 1124 2112 latinae
1151 2049 1288 2131 legibus)
1317 2057 1457 2116 ortorum

332 2145 472 2228 speciem
494 2146 697 2228 praebentes.
742 2143 888 2208 Eandem
918 2144 1075 2208 formandi
1098 2145 1183 2209 viam
1205 2146 1384 2227 ingressum
1407 2155 1458 2212 est

332 2242 519 2308 adverbium
550 2242 797 2327 rnopoificeater‚
829 2240 913 2324 qnod
942 2249 1066 2324 spectat
1094 2242 1136 2305 ad
1165 2243 1335 2325 positivum
1365 2241 1456 2306 *rriu-

330 2339 501 2423 parficent-.
553 2340 643 2418 Quae
676 2362 739 2404 non
773 2347 894 2404 temere
930 2340 1075 2422 conjecta
1108 2360 1178 2404 esse
1211 2360 1251 2405 ca
1279 2359 1314 2404 re
1346 2340 1457 2406 confir-

332 2445 451 2517 matur,
486 2438 570 2520 quod
601 2458 643 2503 ne
671 2438 705 2501 in
732 2457 796 2500 uno
825 2436 952 2518 quidem
981 2438 1052 2502 loco
1080 2437 1241 2519 scriptoris
1269 2437 1457 2519 antiquioris

331 2538 567 2619 comparativus
602 2537 636 2599 in
670 2533 836 2618 -ficeattor
873 2535 925 2599 vel
959 2533 1173 2616 superlativus
1202 2535 1235 2598 in
1273 2534 1456 2619 -Jicentissi-

330 2654 397 2696 mus
425 2633 483 2698 sed
511 2633 544 2697 in
580 2631 695 2716 fictor,
733 2630 911 2715 -fictsrimus
939 2632 1124 2697 desinentes
1153 2667 1194 2676 —
1225 2652 1308 2713 quae
1336 2632 1457 2698 formae

330 2730 494 2797 Ciceronis
523 2737 630 2795 aetate
656 2751 720 2794 nen
748 2729 818 2811 jam
845 2735 936 2792 erant
962 2750 1021 2794 usu
1045 2738 1193 2812 receptae
1225 2765 1267 2775 —
1299 2730 1455 2811 legantur.

329 2830 431 2894 Locos
464 2828 615 2893 collectos
648 2827 795 2892 invenies
831 2826 918 2909 apud
954 2826 1107 2906 Nauium,
1145 2824 1358 2892 tormenlchre
1391 2827 1456 2909 112,

330 2947 362 3009 p.
390 2930 446 2990 111
466 2929 534 3007 sq).

415 3022 473 3088 Hir
496 3020 660 3086 vocabulis
682 3021 877 3104 adjiciantur
899 3020 1094 3102 quaedam
1119 3019 1294 3101 originis
1323 3020 1457 3084 laten·

329 3121 396 3203 tis,
421 3120 463 3185 de
485 3140 547 3201 quc
569 3138 652 3200 quae
673 3119 760 3201 apud
782 3117 1007 3199 grammaticos
1029 3116 1208 3198 conjectata
1233 3115 1373 3197 repperi,
1405 3116 1457 3180 bic

327 3217 490 3283 rettulisse
512 3216 589 3281 satis
612 3216 727 3281 habeo.

424 3314 507 3379 Sunt
528 3321 634 3379 autem
657 3315 752 3379 haec:

415 3411 446 3475 1.
469 3411 653 3494 Adjeetiou:

417 3508 568 3571 clemens:
599 3508 659 3572 hoc
681 3529 750 3572 voc.
780 3507 901 3572 confert
923 3506 1003 3571 Fick
1034 3501 1370 3583 (ve1·gl.vvdrterbuch
1399 3498 1456 3565 der

328 3606 438 3686 indcg.
468 3625 532 3688 spr.
560 3626 590 3687 p.
614 3610 667 3680 47)
696 3625 767 3670 cum
797 3625 854 3671 scr.
884 3627 909 3668 r.
933 3623 1018 3688 prum
1045 3608 1103 3683 (pr.
1128 3599 1287 3683 prdop'utir
1316 3597 1454 3677 fatigari,

329 3704 554 3783 languescere,
588 3722 670 3785 quae
704 3701 796 3767 radix
825 3702 949 3783 reliqua
977 3705 1077 3765 restat
1104 3698 1138 3761 in
1166 3718 1212 3779 gr.
1242 3690 1455 3775 κλαμ-αρός·
1529 3731 1534 3741 ·

331 3797 518 3879 πλαδαρός,
553 3793 701 3884 ἀσθενής
737 3798 890 3883 Hesychii
923 3799 1048 3879 glossa3
1090 3796 1146 3858 lat.
1182 3794 1279 3875 igitur
1313 3792 1456 3853 clausent-

329 3897 568 3963 accuratissime
594 3917 664 3964 cum
694 3917 752 3962 scr.
776 3903 857 3980 part.
881 3894 1053 3979 prdmjuat·
1075 3891 1236 3972 congruit,
1267 3897 1302 3953 ut
1327 3888 1457 3971 proprie

330 3994 504 4077 significet:
539 3996 761 4077 languescens.
792 4029 832 4039 -
861 3993 937 4057 Alia
967 3989 1179 4071 originatione
1208 4007 1283 4052 usus
1312 3992 1360 4050 cst
1389 3986 1456 4049 Leo

333 4093 441 4177 Meyer
463 4093 574 4175 (vergl.
597 4113 643 4173 gr.
665 4092 707 4167 II,
730 4095 812 4175 269),
836 4109 932 4173 quum
954 4109 975 4153 a
995 4088 1151 4152 vocabulo
1176 4086 1320 4147 clement·
1342 4080 1456 4147 suffixo

333 4200 415 4253 ment
443 4190 570 4255 absciso
596 4191 705 4254 cicer
733 4190 794 4251 olet
819 4206 988 4254 emanasse
1013 4185 1110 4266 idque
1137 4181 1223 4247 idem
1250 4200 1288 4246 ac
1313 4186 1457 4244 nostrum

335 4286 447 4361 ‚,bold“
472 4306 543 4353 esse
565 4293 704 4353 censeat.

383 4387 498 4433 (luamus,
514 4386 604 4426 Studien
619 4385 679 4425 Vlll.
1221 4381 1253 4430 23
