3575 5334
416 672 457 734 32
933 680 1033 735 Clemm

415 848 538 912 unhaili
556 850 719 931 μαλακία,
743 852 887 931 morbus,
911 854 1030 915 basilei
1049 858 1211 939 πονηρία,
1241 855 1443 939 malignitas,
1473 866 1536 923 ant.

416 946 522 1012 Germ.
546 947 679 1027 nndrcft
699 949 920 1031 imbecillitas,
951 950 1109 1013 corduani
1126 951 1215 1034 origo
1237 952 1380 1035 impura,
1410 956 1539 1019 unctam

414 1044 613 1127 malignitas,
637 1046 783 1128 insidiae,
807 1047 927 1109 ruendo
948 1047 1033 1130 quod
1055 1047 1211 1113 infinitum
1236 1057 1298 1133 est,
1324 1072 1462 1134 magnus
1484 1074 1537 1117 nu-

414 1160 535 1223 merus,
567 1142 652 1208 med.
680 1160 751 1209 aev.
781 1150 853 1209 sunt
882 1153 992 1222 ancrt,
1021 1144 1199 1227 eupatore,
1229 1147 1366 1225 achilde,
1395 1148 1536 1227 andnam,

413 1240 594 1324 angelimps,
628 1241 805 1323 rrapcmnch,
839 1236 971 1303 anmtize
1003 1243 1078 1323 alia,
1111 1248 1241 1309 nostrae
1276 1245 1392 1311 aetatis
1428 1246 1536 1325 Unnrt,

416 1335 591 1417 Unpcbribr,
630 1338 806 1421 Unpeduld,
844 1337 982 1417 Unelrre,
1023 1338 1174 1418 Wrznclrt,
1212 1341 1380 1423 Ucsmede,
1418 1344 1535 1421 Ualast,

417 1432 550 1497 Unrnatlt
579 1435 662 1517 alia,
696 1438 871 1519 Anglosax.
903 1445 1034 1498 uuoemtn
1062 1437 1340 1520 impedimentum,
1375 1444 1457 1502 andr
1486 1442 1537 1506 de·

412 1528 524 1614 decus,
554 1537 657 1595 numm
685 1533 865 1615 multitudo,
900 1539 964 1599 vet.
992 1539 1074 1616 sept.
1104 1537 1163 1598 adr
1184 1555 1334 1600 annonae
1356 1535 1537 1618 difficultas,

412 1629 485 1690 dcto
508 1650 558 1696 res
580 1652 645 1697 non
668 1651 779 1713 vesca,
804 1631 887 1695 nteit
907 1632 1086 1712 fastidium,
1118 1630 1197 1695 ndat
1220 1632 1325 1714 nefas,
1349 1631 1458 1716 asarta
1479 1635 1537 1701 iter

412 1725 542 1811 infelix,
571 1728 675 1792 attint
697 1730 853 1810 ululatus,
877 1729 974 1792 blond
993 1734 1080 1794 terra
1101 1729 1223 1810 infelix,
1247 1734 1363 1792 osanna
1384 1732 1536 1814 iniquitas

412 1825 487 1890 alia.
532 1826 703 1892 Grimmius
726 1827 808 1891 banc
830 1826 989 1891 fortiorem
1012 1826 1081 1892 sire
1102 1826 1295 1892 intensivam
1323 1847 1406 1909 quae
1435 1828 1536 1895 videri

411 1931 517 2008 potest
552 1923 816 2006 significationem
849 1945 869 1988 a
906 1924 1027 1989 leniore
1066 1923 1288 1989 deducendam
1328 1943 1399 1992 esse
1436 1933 1535 2009 putat,

412 2029 537 2087 tantum
560 2022 645 2087 enim
667 2021 822 2100 abfuisse,
855 2030 887 2086 ut
910 2022 1055 2086 homines
1084 2021 1245 2086 humanae
1267 2027 1401 2088 naturae
1424 2024 1536 2088 innata

413 2118 491 2183 vitia
513 2119 747 2201 suis.quaeque
762 2119 945 2184 nominibus
959 2124 1121 2201 vocarent,
1146 2124 1180 2182 ut
1194 2138 1303 2183 earum
1325 2119 1535 2185 offensionem

312 2276 319 2296 ,
412 2215 689 2282 circumscribendi
719 2216 809 2297 quasi
840 2215 1030 2296 quibusdam
1056 2216 1284 2298 integumentis
1306 2214 1451 2283 delenire
1474 2225 1536 2282 stu·

413 2313 534 2396 derent,
558 2315 605 2379 ita
628 2313 691 2378 dici
714 2315 867 2389 uomicae,
902 2312 1026 2390 Untdct,
1054 2312 1198 2394 Unpesell
1218 2314 1288 2378 sim.

496 2412 585 2477 Haec
607 2417 642 2475 ut
664 2429 742 2475 vera
765 2429 835 2475 esse
850 2410 1074 2491 concedamus,
1097 2410 1176 2475 illud
1199 2429 1324 2492 quoque
1346 2410 1535 2476 obliviscen-

412 2507 487 2572 dum
516 2529 581 2572 non
611 2516 659 2574 est
687 2506 761 2571 aliis
789 2507 986 2588 temporibus
1014 2514 1045 2573 et
1069 2507 1143 2572 aliis
1171 2507 1250 2572 locis
1278 2507 1376 2572 alium
1406 2528 1534 2575 sensum

412 2605 521 2670 multis
554 2604 718 2669 vocabulis
747 2602 915 2667 subfuisse.
960 2603 1013 2667 Sic
1040 2604 1127 2686 apud
1156 2604 1296 2686 majores
1324 2611 1451 2671 nostros
1481 2627 1534 2668 rm-

410 2701 507 2763 zuclrt
538 2702 619 2765 nihil
654 2706 723 2766 erat
756 2701 816 2764 nisi
849 2700 1068 2780 immodestia,
1105 2701 1279 2780 rusticitas,
1317 2721 1402 2767 nunc
1436 2705 1534 2769 multo

410 2799 542 2881 gravius
571 2799 683 2862 vitium
712 2795 884 2879 significat,
916 2800 1006 2859 natat
1031 2804 1100 2862 erat
1121 2798 1206 2862 male
1234 2797 1367 2878 factum,
1398 2802 1533 2878 macula,

411 2897 469 2961 sed
486 2895 557 2979 jam
580 2896 613 2960 in
636 2903 698 2960 vet.
721 2901 802 2978 sept.
826 2894 903 2958 dial.
926 2891 1005 2956 ddtd
1028 2894 1142 2959 dicitur
1164 2894 1271 2976 nefas,
1299 2896 1393 2961 nobis
1419 2898 1535 2960 Uatlmt

412 3002 461 3059 est
482 2994 639 3059 nefarium
662 2992 794 3072 lacinus,
818 2992 933 3057 scelus.

495 3090 667 3155 Grimmius
700 3090 851 3173 exempla
886 3107 969 3171 quae
1002 3089 1063 3153 buc
1090 3088 1250 3172 pertinent
1276 3090 1303 3154 si
1332 3110 1396 3154 non
1427 3091 1534 3156 omnia

410 3188 610 3253 enumeravit
643 3196 677 3253 at
709 3188 787 3253 satis
817 3186 917 3250 multa
944 3185 1090 3268 collegit,
1125 3185 1211 3252 unde
1239 3188 1389 3269 cognosci
1423 3189 1533 3271 possit,

410 3305 505 3367 quam
528 3287 594 3352 late
616 3286 756 3370 patuerit
778 3284 829 3350 hic
851 3304 936 3349 usus.
967 3283 1033 3349 Sed
1051 3284 1213 3367 explicata
1235 3304 1287 3351 res
1309 3284 1452 3364 nondum
1474 3290 1532 3351 est.

410 3383 469 3447 Vel
498 3382 533 3447 id
561 3384 664 3466 ipsum
695 3382 882 3460 discrimen,
911 3381 995 3462 quod
1024 3381 1107 3445 inter
1140 3382 1300 3448 fortiorem
1329 3402 1424 3464 quam
1454 3381 1534 3446 dixit

410 3485 442 3543 et
470 3480 625 3545 leniorem
654 3478 917 3561 significationem
944 3477 1143 3543 intercedere
1165 3480 1281 3560 voluit,
1311 3479 1407 3543 nimis
1434 3479 1534 3544 incer·

409 3582 476 3641 tum
505 3596 543 3641 ac
573 3577 703 3641 dubium
733 3567 811 3641 erat.
855 3573 948 3652 Quod
976 3575 1010 3638 in
1038 3582 1101 3640 vet.
1131 3577 1208 3658 ling.
1231 3583 1311 3659 sept.
1341 3575 1452 3639 calar-r
1481 3576 1533 3641 ob·

409 3693 518 3739 scurus
542 3675 638 3738 etiarn
662 3673 875 3748 subobscurus
897 3674 978 3737 verti
1001 3679 1121 3755 potest,
1146 3672 1226 3736 illud
1248 3678 1282 3736 ὃ·
1305 3674 1452 3738 nonnulli
1475 3673 1533 3738 viri

410 3770 495 3835 docti
525 3770 611 3836 idem
642 3790 713 3837 esse
738 3771 983 3855 suspicabantur
1009 3768 1095 3851 quod
1124 3773 1136 3831 t
1162 3769 1354 3853 praefixum,
1388 3770 1448 3838 sed
1477 3791 1534 3854 per

409 3886 445 3932 sc
473 3874 563 3951 patet
591 3869 828 3935 accuratissime
860 3869 941 3932 haec
974 3885 1045 3932 esse
1078 3865 1314 3948 distinguenda.
1360 3868 1533 3934 Grimmius

409 3984 508 4050 saepe
531 3967 678 4032 versione
701 3966 891 4031 Germanica
921 3966 973 4029 vel
997 3963 1113 4027 Latina
1139 3962 1307 4048 deceptus,
1336 3984 1431 4046 quem
1461 3985 1532 4032 sen·

408 4082 478 4127 sum
501 4064 628 4145 singula
650 4062 825 4145 composita
847 4061 1017 4144 paullatim
1038 4061 1228 4141 induissent,
1253 4081 1323 4126 eum
1340 4061 1533 4145 opinabatur

409 4178 480 4226 esse
495 4161 675 4243 primariam
688 4158 962 4241 significationem,
975 4178 1068 4240 quam
1080 4158 1210 4223 dubiam
1223 4165 1255 4224 et
1265 4159 1419 4223 incertam
1435 4159 1532 4226 fuisse

407 4264 550 4340 negaret.
600 4260 647 4322 dc
675 4254 937 4340 proficiscendum
966 4275 1044 4320 sane
1073 4262 1121 4320 est
1149 4276 1170 4320 a
1197 4255 1369 4338 negatione
1392 4257 1531 4337 quadam
