<?xml version="1.0" encoding="UTF-8"?>
<!DOCTYPE html PUBLIC "-//W3C//DTD XHTML 1.0 Transitional//EN"
    "http://www.w3.org/TR/xhtml1/DTD/xhtml1-transitional.dtd">
<html xmlns="http://www.w3.org/1999/xhtml" xml:lang="en" lang="en">
 <head>
  <title>
</title>
<meta http-equiv="Content-Type" content="text/html;charset=utf-8" />
  <meta name='ocr-system' content='tesseract 3.04.00' />
  <meta name='ocr-capabilities' content='ocr_page ocr_carea ocr_par ocr_line ocrx_word'/>
</head>
<body>
  <div class='ocr_page' id='page_1' title='image "./studienzurgriec00curtgoog_0032.png"; bbox 0 0 3575 5334; ppageno 0'>
   <div class='ocr_carea' id='block_1_1' title="bbox 333 687 950 749">
    <p class='ocr_par' dir='ltr' id='par_1_1' title="bbox 333 687 950 749">
     <span class='ocr_line' id='line_1_1' title="bbox 333 687 950 749; baseline -0.015 0"><span class='ocrx_word' id='word_1_1' title='bbox 333 690 374 749; x_wconf 80' lang='lat'>22</span> <span class='ocrx_word' id='word_1_2' title='bbox 848 687 950 742; x_wconf 85' lang='lat' dir='ltr'>Clemm</span> 
     </span>
    </p>
   </div>
   <div class='ocr_carea' id='block_1_2' title="bbox 329 859 1456 2500">
    <p class='ocr_par' dir='ltr' id='par_1_2' title="bbox 329 859 1456 2500">
     <span class='ocr_line' id='line_1_2' title="bbox 418 859 1455 942; baseline -0.004 -15"><span class='ocrx_word' id='word_1_3' title='bbox 418 863 549 927; x_wconf 84' lang='lat' dir='ltr'>Praeter</span> <span class='ocrx_word' id='word_1_4' title='bbox 571 862 651 925; x_wconf 91' lang='lat' dir='ltr'>haec</span> <span class='ocrx_word' id='word_1_5' title='bbox 674 880 748 925; x_wconf 91' lang='lat' dir='ltr'>vero</span> <span class='ocrx_word' id='word_1_6' title='bbox 771 860 934 924; x_wconf 86' lang='lat' dir='ltr'><strong>nominum</strong></span> <span class='ocrx_word' id='word_1_7' title='bbox 958 861 1122 942; x_wconf 88' lang='lat' dir='ltr'>exempla,</span> <span class='ocrx_word' id='word_1_8' title='bbox 1151 859 1301 941; x_wconf 89' lang='lat' dir='ltr'>quoniam</span> <span class='ocrx_word' id='word_1_9' title='bbox 1324 860 1390 923; x_wconf 88' lang='lat' dir='ltr'>alia</span> <span class='ocrx_word' id='word_1_10' title='bbox 1412 862 1455 925; x_wconf 91' lang='lat' dir='ltr'>al-</span> 
     </span>
     <span class='ocr_line' id='line_1_3' title="bbox 334 956 1455 1039; baseline -0.004 -14"><span class='ocrx_word' id='word_1_11' title='bbox 334 961 401 1025; x_wconf 89' lang='lat' dir='ltr'>lata</span> <span class='ocrx_word' id='word_1_12' title='bbox 423 980 488 1024; x_wconf 92' lang='lat' dir='ltr'>non</span> <span class='ocrx_word' id='word_1_13' title='bbox 510 966 598 1038; x_wconf 89' lang='lat' dir='ltr'>sunt,</span> <span class='ocrx_word' id='word_1_14' title='bbox 624 959 657 1023; x_wconf 95' lang='lat' dir='ltr'>in</span> <span class='ocrx_word' id='word_1_15' title='bbox 680 958 795 1039; x_wconf 83' lang='lat' dir='ltr'>quibus</span> <span class='ocrx_word' id='word_1_16' title='bbox 817 957 877 1020; x_wconf 92' lang='lat' dir='ltr'>viri</span> <span class='ocrx_word' id='word_1_17' title='bbox 899 956 985 1022; x_wconf 91' lang='lat' dir='ltr'>docti</span> <span class='ocrx_word' id='word_1_18' title='bbox 1007 959 1039 1018; x_wconf 81' lang='lat' dir='ltr'>in</span> <span class='ocrx_word' id='word_1_19' title='bbox 1061 958 1254 1023; x_wconf 79' lang='lat' dir='ltr'>intensivum</span> <span class='ocrx_word' id='word_1_20' title='bbox 1278 956 1455 1038; x_wconf 89' lang='lat' dir='ltr'>depreben-</span> 
     </span>
     <span class='ocr_line' id='line_1_4' title="bbox 331 1053 1456 1136; baseline -0.002 -16"><span class='ocrx_word' id='word_1_21' title='bbox 331 1056 419 1121; x_wconf 90' lang='lat' dir='ltr'>disse</span> <span class='ocrx_word' id='word_1_22' title='bbox 452 1057 512 1121; x_wconf 86' lang='lat' dir='ltr'>sibi</span> <span class='ocrx_word' id='word_1_23' title='bbox 547 1056 731 1136; x_wconf 89' lang='lat' dir='ltr'>videantur,</span> <span class='ocrx_word' id='word_1_24' title='bbox 769 1061 878 1118; x_wconf 90' lang='lat' dir='ltr'>nostro</span> <span class='ocrx_word' id='word_1_25' title='bbox 910 1054 944 1117; x_wconf 91' lang='lat' dir='ltr'>id</span> <span class='ocrx_word' id='word_1_26' title='bbox 970 1053 1043 1136; x_wconf 90' lang='lat' dir='ltr'>juro</span> <span class='ocrx_word' id='word_1_27' title='bbox 1071 1073 1091 1117; x_wconf 92' lang='lat' dir='ltr'>a</span> <span class='ocrx_word' id='word_1_28' title='bbox 1119 1054 1236 1118; x_wconf 88' lang='lat' dir='ltr'>Latina</span> <span class='ocrx_word' id='word_1_29' title='bbox 1271 1053 1383 1135; x_wconf 82' lang='lat' dir='ltr'>lingua</span> <span class='ocrx_word' id='word_1_30' title='bbox 1411 1055 1456 1119; x_wconf 88' lang='lat' dir='ltr'>ita</span> 
     </span>
     <span class='ocr_line' id='line_1_5' title="bbox 331 1150 1454 1237; baseline -0.005 -19"><span class='ocrx_word' id='word_1_31' title='bbox 331 1154 606 1237; x_wconf 85' lang='lat' dir='ltr'>abjudicabimue,</span> <span class='ocrx_word' id='word_1_32' title='bbox 635 1160 669 1218; x_wconf 88' lang='lat' dir='ltr'>ut</span> <span class='ocrx_word' id='word_1_33' title='bbox 691 1153 724 1217; x_wconf 91' lang='lat' dir='ltr'>si</span> <span class='ocrx_word' id='word_1_34' title='bbox 747 1172 822 1233; x_wconf 89' lang='lat' dir='ltr'>qua</span> <span class='ocrx_word' id='word_1_35' title='bbox 850 1152 962 1216; x_wconf 94' lang='lat' dir='ltr'>notio</span> <span class='ocrx_word' id='word_1_36' title='bbox 986 1151 1156 1216; x_wconf 84' lang='lat' dir='ltr'>maxime</span> <span class='ocrx_word' id='word_1_37' title='bbox 1179 1150 1388 1214; x_wconf 91' lang='lat' dir='ltr'>verborum</span> <span class='ocrx_word' id='word_1_38' title='bbox 1418 1154 1454 1212; x_wconf 81' lang='lat' dir='ltr'>in</span> 
     </span>
     <span class='ocr_line' id='line_1_6' title="bbox 332 1247 1455 1333; baseline 0 -19"><span class='ocrx_word' id='word_1_39' title='bbox 332 1250 523 1333; x_wconf 88' lang='lat' dir='ltr'>praefixo</span> <span class='ocrx_word' id='word_1_40' title='bbox 556 1257 772 1331; x_wconf 84' lang='lat' dir='ltr'>augeatur,</span> <span class='ocrx_word' id='word_1_41' title='bbox 810 1268 889 1312; x_wconf 92' lang='lat' dir='ltr'>una</span> <span class='ocrx_word' id='word_1_42' title='bbox 922 1248 1113 1314; x_wconf 86' lang='lat' dir='ltr'>effectum</span> <span class='ocrx_word' id='word_1_43' title='bbox 1145 1247 1185 1311; x_wconf 94' lang='lat' dir='ltr'>id</span> <span class='ocrx_word' id='word_1_44' title='bbox 1219 1267 1307 1312; x_wconf 89' lang='lat' dir='ltr'>esse</span> <span class='ocrx_word' id='word_1_45' title='bbox 1340 1268 1455 1330; x_wconf 88' lang='lat' dir='ltr'>prae·</span> 
     </span>
     <span class='ocr_line' id='line_1_7' title="bbox 332 1346 1454 1429; baseline -0.001 -18"><span class='ocrx_word' id='word_1_46' title='bbox 332 1347 541 1429; x_wconf 83' lang='lat' dir='ltr'>positione</span> <span class='ocrx_word' id='word_1_47' title='bbox 573 1353 767 1427; x_wconf 82' lang='lat' dir='ltr'>statuamus,</span> <span class='ocrx_word' id='word_1_48' title='bbox 802 1364 994 1427; x_wconf 86' lang='lat' dir='ltr'>nusquam</span> <span class='ocrx_word' id='word_1_49' title='bbox 1033 1346 1220 1427; x_wconf 87' lang='lat' dir='ltr'>praefixo</span> <span class='ocrx_word' id='word_1_50' title='bbox 1254 1346 1454 1427; x_wconf 84' lang='lat' dir='ltr'>negativo.</span> 
     </span>
     <span class='ocr_line' id='line_1_8' title="bbox 331 1442 1455 1523; baseline -0.002 -14"><span class='ocrx_word' id='word_1_51' title='bbox 331 1444 425 1523; x_wconf 74' lang='lat' dir='ltr'>Quod</span> <span class='ocrx_word' id='word_1_52' title='bbox 458 1444 544 1511; x_wconf 92' lang='lat' dir='ltr'>idem</span> <span class='ocrx_word' id='word_1_53' title='bbox 578 1444 664 1508; x_wconf 90' lang='lat' dir='ltr'>cadit</span> <span class='ocrx_word' id='word_1_54' title='bbox 692 1445 725 1508; x_wconf 94' lang='lat' dir='ltr'>in</span> <span class='ocrx_word' id='word_1_55' title='bbox 755 1443 951 1509; x_wconf 80' lang='lat' dir='ltr'>Celticam</span> <span class='ocrx_word' id='word_1_56' title='bbox 986 1442 1137 1523; x_wconf 84' lang='lat' dir='ltr'>lingnam.</span> <span class='ocrx_word' id='word_1_57' title='bbox 1182 1442 1265 1506; x_wconf 90' lang='lat' dir='ltr'>Nam</span> <span class='ocrx_word' id='word_1_58' title='bbox 1294 1462 1356 1523; x_wconf 95' lang='lat' dir='ltr'>quo</span> <span class='ocrx_word' id='word_1_59' title='bbox 1384 1450 1455 1507; x_wconf 89' lang='lat' dir='ltr'>arto</span> 
     </span>
     <span class='ocr_line' id='line_1_9' title="bbox 331 1539 1455 1623; baseline -0.001 -18"><span class='ocrx_word' id='word_1_60' title='bbox 331 1541 531 1623; x_wconf 78' lang='lat' dir='ltr'>cognationis</span> <span class='ocrx_word' id='word_1_61' title='bbox 569 1541 698 1606; x_wconf 92' lang='lat' dir='ltr'>vinculo</span> <span class='ocrx_word' id='word_1_62' title='bbox 734 1541 815 1606; x_wconf 84' lang='lat' dir='ltr'>Celti</span> <span class='ocrx_word' id='word_1_63' title='bbox 848 1559 919 1604; x_wconf 89' lang='lat' dir='ltr'>cum</span> <span class='ocrx_word' id='word_1_64' title='bbox 953 1539 1045 1604; x_wconf 89' lang='lat' dir='ltr'>Italis</span> <span class='ocrx_word' id='word_1_65' title='bbox 1079 1540 1207 1621; x_wconf 84' lang='lat' dir='ltr'>cognati</span> <span class='ocrx_word' id='word_1_66' title='bbox 1244 1540 1323 1619; x_wconf 89' lang='lat' dir='ltr'>sint,</span> <span class='ocrx_word' id='word_1_67' title='bbox 1361 1560 1455 1606; x_wconf 89' lang='lat' dir='ltr'>nemo</span> 
     </span>
     <span class='ocr_line' id='line_1_10' title="bbox 331 1637 1456 1719; baseline -0.001 -17"><span class='ocrx_word' id='word_1_68' title='bbox 331 1638 475 1719; x_wconf 86' lang='lat' dir='ltr'>ignorat,</span> <span class='ocrx_word' id='word_1_69' title='bbox 505 1638 558 1719; x_wconf 91' lang='lat' dir='ltr'>qui</span> <span class='ocrx_word' id='word_1_70' title='bbox 581 1638 777 1703; x_wconf 84' lang='lat' dir='ltr'>Schleicheri</span> <span class='ocrx_word' id='word_1_71' title='bbox 804 1637 1004 1719; x_wconf 88' lang='lat' dir='ltr'>aliorumque</span> <span class='ocrx_word' id='word_1_72' title='bbox 1031 1637 1151 1719; x_wconf 86' lang='lat' dir='ltr'>scripta</span> <span class='ocrx_word' id='word_1_73' title='bbox 1178 1637 1370 1719; x_wconf 84' lang='lat' dir='ltr'>inspexerit,</span> <span class='ocrx_word' id='word_1_74' title='bbox 1400 1638 1456 1701; x_wconf 91' lang='lat' dir='ltr'>ubi</span> 
     </span>
     <span class='ocr_line' id='line_1_11' title="bbox 331 1734 1456 1818; baseline 0 -19"><span class='ocrx_word' id='word_1_75' title='bbox 331 1735 554 1818; x_wconf 88' lang='lat' dir='ltr'>propinquitas</span> <span class='ocrx_word' id='word_1_76' title='bbox 569 1736 626 1799; x_wconf 91' lang='lat' dir='ltr'>illa</span> <span class='ocrx_word' id='word_1_77' title='bbox 641 1735 822 1817; x_wconf 81' lang='lat' dir='ltr'>legentibus</span> <span class='ocrx_word' id='word_1_78' title='bbox 837 1734 928 1816; x_wconf 90' lang='lat' dir='ltr'>quasi</span> <span class='ocrx_word' id='word_1_79' title='bbox 944 1734 1003 1798; x_wconf 91' lang='lat' dir='ltr'>sub</span> <span class='ocrx_word' id='word_1_80' title='bbox 1018 1735 1128 1798; x_wconf 92' lang='lat' dir='ltr'>oeulos</span> <span class='ocrx_word' id='word_1_81' title='bbox 1142 1734 1324 1798; x_wconf 77' lang='lat' dir='ltr'>subiciatur.</span> <span class='ocrx_word' id='word_1_82' title='bbox 1354 1736 1456 1799; x_wconf 89' lang='lat' dir='ltr'>Lucu·</span> 
     </span>
     <span class='ocr_line' id='line_1_12' title="bbox 331 1830 1455 1915; baseline 0.002 -20"><span class='ocrx_word' id='word_1_83' title='bbox 331 1832 428 1897; x_wconf 90' lang='lat' dir='ltr'>lentis</span> <span class='ocrx_word' id='word_1_84' title='bbox 467 1833 625 1915; x_wconf 91' lang='lat' dir='ltr'>exemplis</span> <span class='ocrx_word' id='word_1_85' title='bbox 660 1833 710 1897; x_wconf 95' lang='lat' dir='ltr'>vir</span> <span class='ocrx_word' id='word_1_86' title='bbox 742 1833 798 1897; x_wconf 90' lang='lat' dir='ltr'>ille</span> <span class='ocrx_word' id='word_1_87' title='bbox 831 1831 1034 1896; x_wconf 90' lang='lat' dir='ltr'>doctissimus</span> <span class='ocrx_word' id='word_1_88' title='bbox 1073 1830 1221 1913; x_wconf 89' lang='lat' dir='ltr'>probavit</span> <span class='ocrx_word' id='word_1_89' title='bbox 1253 1852 1318 1895; x_wconf 93' lang='lat' dir='ltr'>non</span> <span class='ocrx_word' id='word_1_90' title='bbox 1351 1852 1455 1915; x_wconf 89' lang='lat' dir='ltr'>pauca</span> 
     </span>
     <span class='ocr_line' id='line_1_13' title="bbox 333 1928 1455 2011; baseline 0 -17"><span class='ocrx_word' id='word_1_91' title='bbox 333 1928 462 1994; x_wconf 80' lang='lat' dir='ltr'>Celticis</span> <span class='ocrx_word' id='word_1_92' title='bbox 484 1928 630 1995; x_wconf 85' lang='lat' dir='ltr'>dialectis</span> <span class='ocrx_word' id='word_1_93' title='bbox 653 1935 685 1995; x_wconf 91' lang='lat' dir='ltr'>et</span> <span class='ocrx_word' id='word_1_94' title='bbox 706 1931 825 1994; x_wconf 85' lang='lat' dir='ltr'>Italicis</span> <span class='ocrx_word' id='word_1_95' title='bbox 847 1930 966 2011; x_wconf 87' lang='lat' dir='ltr'>linguis</span> <span class='ocrx_word' id='word_1_96' title='bbox 988 1928 1170 1993; x_wconf 89' lang='lat' dir='ltr'>communia</span> <span class='ocrx_word' id='word_1_97' title='bbox 1192 1948 1273 2009; x_wconf 90' lang='lat' dir='ltr'>esse,</span> <span class='ocrx_word' id='word_1_98' title='bbox 1296 1929 1455 2009; x_wconf 87' lang='lat' dir='ltr'>quaedam</span> 
     </span>
     <span class='ocr_line' id='line_1_14' title="bbox 329 2025 1454 2109; baseline -0.003 -17"><span class='ocrx_word' id='word_1_99' title='bbox 329 2046 487 2108; x_wconf 91' lang='lat' dir='ltr'>nusquam</span> <span class='ocrx_word' id='word_1_100' title='bbox 520 2026 581 2091; x_wconf 92' lang='lat' dir='ltr'>nisi</span> <span class='ocrx_word' id='word_1_101' title='bbox 614 2026 646 2090; x_wconf 95' lang='lat' dir='ltr'>in</span> <span class='ocrx_word' id='word_1_102' title='bbox 681 2026 822 2109; x_wconf 91' lang='lat' dir='ltr'>utrisque</span> <span class='ocrx_word' id='word_1_103' title='bbox 854 2026 1003 2091; x_wconf 90' lang='lat' dir='ltr'>inveniri.</span> <span class='ocrx_word' id='word_1_104' title='bbox 1051 2025 1102 2089; x_wconf 88' lang='lat' dir='ltr'>Ad</span> <span class='ocrx_word' id='word_1_105' title='bbox 1135 2025 1215 2088; x_wconf 85' lang='lat' dir='ltr'>haec</span> <span class='ocrx_word' id='word_1_106' title='bbox 1247 2045 1332 2089; x_wconf 92' lang='lat' dir='ltr'>nunc</span> <span class='ocrx_word' id='word_1_107' title='bbox 1365 2026 1454 2091; x_wconf 90' lang='lat' dir='ltr'>aliud</span> 
     </span>
     <span class='ocr_line' id='line_1_15' title="bbox 330 2121 1455 2204; baseline -0.001 -17"><span class='ocrx_word' id='word_1_108' title='bbox 330 2122 465 2189; x_wconf 85' lang='lat' dir='ltr'>accedit.</span> <span class='ocrx_word' id='word_1_109' title='bbox 509 2123 547 2186; x_wconf 87' lang='lat' dir='ltr'>ln</span> <span class='ocrx_word' id='word_1_110' title='bbox 571 2123 762 2188; x_wconf 89' lang='lat' dir='ltr'>Britannicis</span> <span class='ocrx_word' id='word_1_111' title='bbox 791 2124 876 2188; x_wconf 93' lang='lat' dir='ltr'>enim</span> <span class='ocrx_word' id='word_1_112' title='bbox 901 2121 1048 2188; x_wconf 88' lang='lat' dir='ltr'>dialectis</span> <span class='ocrx_word' id='word_1_113' title='bbox 1075 2123 1107 2183; x_wconf 84' lang='lat' dir='ltr'>ia</span> <span class='ocrx_word' id='word_1_114' title='bbox 1137 2122 1221 2204; x_wconf 90' lang='lat' dir='ltr'>quod</span> <span class='ocrx_word' id='word_1_115' title='bbox 1247 2129 1381 2187; x_wconf 89' lang='lat' dir='ltr'>vocatur</span> <span class='ocrx_word' id='word_1_116' title='bbox 1408 2124 1455 2187; x_wconf 93' lang='lat' dir='ltr'>in·</span> 
     </span>
     <span class='ocr_line' id='line_1_16' title="bbox 330 2218 1453 2303; baseline -0.002 -18"><span class='ocrx_word' id='word_1_117' title='bbox 330 2220 490 2286; x_wconf 83' lang='lat' dir='ltr'>tensivum</span> <span class='ocrx_word' id='word_1_118' title='bbox 513 2227 627 2299; x_wconf 89' lang='lat' dir='ltr'>exstat,</span> <span class='ocrx_word' id='word_1_119' title='bbox 650 2220 741 2303; x_wconf 91' lang='lat' dir='ltr'>cujus</span> <span class='ocrx_word' id='word_1_120' title='bbox 756 2220 1079 2302; x_wconf 88' lang='lat' dir='ltr'>nonnullaexempla</span> <span class='ocrx_word' id='word_1_121' title='bbox 1094 2218 1243 2284; x_wconf 85' lang='lat' dir='ltr'>Zeuseius</span> <span class='ocrx_word' id='word_1_122' title='bbox 1265 2222 1297 2285; x_wconf 94' lang='lat' dir='ltr'>in</span> <span class='ocrx_word' id='word_1_123' title='bbox 1320 2240 1453 2302; x_wconf 81' lang='lat' dir='ltr'>gramm.</span> 
     </span>
     <span class='ocr_line' id='line_1_17' title="bbox 333 2315 1453 2401; baseline -0.003 -19"><span class='ocrx_word' id='word_1_124' title='bbox 333 2317 431 2383; x_wconf 54' lang='lat' dir='ltr'>Certa</span> <span class='ocrx_word' id='word_1_125' title='bbox 460 2338 492 2400; x_wconf 92' lang='lat' dir='ltr'>p.</span> <span class='ocrx_word' id='word_1_126' title='bbox 515 2320 576 2382; x_wconf 84' lang='grc'>896</span> <span class='ocrx_word' id='word_1_127' title='bbox 591 2337 638 2399; x_wconf 89' lang='lat' dir='ltr'>sq.</span> <span class='ocrx_word' id='word_1_128' title='bbox 669 2323 852 2399; x_wconf 79' lang='lat' dir='ltr'>enumerat,</span> <span class='ocrx_word' id='word_1_129' title='bbox 890 2318 977 2382; x_wconf 91' lang='lat' dir='ltr'>velut</span> <span class='ocrx_word' id='word_1_130' title='bbox 1011 2315 1138 2380; x_wconf 82' lang='lat' dir='ltr'>Cambr.</span> <span class='ocrx_word' id='word_1_131' title='bbox 1171 2318 1329 2381; x_wconf 88' lang='lat' dir='ltr'>vocabula</span> <span class='ocrx_word' id='word_1_132' title='bbox 1360 2317 1453 2401; x_wconf 78' lang='lat' dir='ltr'>calip,</span> 
     </span>
     <span class='ocr_line' id='line_1_18' title="bbox 331 2413 1452 2500; baseline -0.002 -22"><span class='ocrx_word' id='word_1_133' title='bbox 331 2414 498 2499; x_wconf 77' lang='lat' dir='ltr'>collybyou</span> <span class='ocrx_word' id='word_1_134' title='bbox 531 2414 705 2496; x_wconf 91' lang='lat' dir='ltr'>calumnia,</span> <span class='ocrx_word' id='word_1_135' title='bbox 740 2413 944 2494; x_wconf 87' lang='lat' dir='ltr'>calumniari,</span> <span class='ocrx_word' id='word_1_136' title='bbox 978 2414 1120 2497; x_wconf 70' lang='lat' dir='ltr'>cnrpaed</span> <span class='ocrx_word' id='word_1_137' title='bbox 1147 2414 1318 2494; x_wconf 90' lang='lat' dir='ltr'>mirabilis,</span> <span class='ocrx_word' id='word_1_138' title='bbox 1358 2436 1452 2500; x_wconf 71' lang='lat' dir='ltr'>enty-</span> 
     </span>
    </p>
   </div>
   <div class='ocr_carea' id='block_1_3' title="bbox 227 2510 1454 2593">
    <p class='ocr_par' dir='ltr' id='par_1_3' title="bbox 227 2510 1454 2593">
     <span class='ocr_line' id='line_1_19' title="bbox 227 2510 1454 2593; baseline 0.002 -18"><span class='ocrx_word' id='word_1_139' title='bbox 227 2537 230 2544; x_wconf 76' lang='grc'><strong>’</strong></span> <span class='ocrx_word' id='word_1_140' title='bbox 331 2514 410 2575; x_wconf 81' lang='lat' dir='ltr'>aeda</span> <span class='ocrx_word' id='word_1_141' title='bbox 436 2510 561 2591; x_wconf 88' lang='lat' dir='ltr'>mirari,</span> <span class='ocrx_word' id='word_1_142' title='bbox 590 2510 732 2593; x_wconf 79' lang='lat' dir='ltr'>caryded</span> <span class='ocrx_word' id='word_1_143' title='bbox 752 2512 862 2590; x_wconf 91' lang='lat' dir='ltr'>honor,</span> <span class='ocrx_word' id='word_1_144' title='bbox 886 2511 968 2593; x_wconf 79' lang='lat' dir='ltr'>alia3</span> <span class='ocrx_word' id='word_1_145' title='bbox 997 2511 1173 2575; x_wconf 86' lang='lat' dir='ltr'>certissima</span> <span class='ocrx_word' id='word_1_146' title='bbox 1199 2520 1272 2576; x_wconf 90' lang='lat' dir='ltr'>sunt</span> <span class='ocrx_word' id='word_1_147' title='bbox 1297 2512 1454 2578; x_wconf 88' lang='lat' dir='ltr'>hodierna</span> 
     </span>
    </p>
   </div>
   <div class='ocr_carea' id='block_1_4' title="bbox 327 2606 1475 4341">
    <p class='ocr_par' dir='ltr' id='par_1_4' title="bbox 329 2606 1455 3369">
     <span class='ocr_line' id='line_1_20' title="bbox 331 2606 1453 2695; baseline -0.001 -22"><span class='ocrx_word' id='word_1_148' title='bbox 331 2609 469 2691; x_wconf 79' lang='lat' dir='ltr'>ert-four</span> <span class='ocrx_word' id='word_1_149' title='bbox 490 2606 588 2672; x_wconf 88' lang='lat' dir='ltr'>valde</span> <span class='ocrx_word' id='word_1_150' title='bbox 608 2627 743 2689; x_wconf 83' lang='lat' dir='ltr'>magnus</span> <span class='ocrx_word' id='word_1_151' title='bbox 766 2617 874 2676; x_wconf 81' lang='lat' dir='ltr'>tmawr</span> <span class='ocrx_word' id='word_1_152' title='bbox 888 2628 1034 2690; x_wconf 82' lang='lat' dir='ltr'>magnus,</span> <span class='ocrx_word' id='word_1_153' title='bbox 1058 2610 1097 2673; x_wconf 90' lang='lat' dir='ltr'>Ir.</span> <span class='ocrx_word' id='word_1_154' title='bbox 1113 2609 1192 2686; x_wconf 82' lang='lat' dir='ltr'>mdr,</span> <span class='ocrx_word' id='word_1_155' title='bbox 1214 2612 1306 2690; x_wconf 71' lang='lat' dir='ltr'>andr),</span> <span class='ocrx_word' id='word_1_156' title='bbox 1329 2631 1453 2695; x_wconf 74' lang='lat' dir='ltr'>err-rupa</span> 
     </span>
     <span class='ocr_line' id='line_1_21' title="bbox 331 2704 1455 2790; baseline 0.001 -19"><span class='ocrx_word' id='word_1_157' title='bbox 331 2706 428 2771; x_wconf 91' lang='lat' dir='ltr'>valde</span> <span class='ocrx_word' id='word_1_158' title='bbox 443 2704 536 2769; x_wconf 91' lang='lat' dir='ltr'>albus</span> <span class='ocrx_word' id='word_1_159' title='bbox 551 2709 653 2787; x_wconf 72' lang='lat' dir='ltr'>(propa</span> <span class='ocrx_word' id='word_1_160' title='bbox 668 2706 785 2785; x_wconf 87' lang='lat' dir='ltr'>albus),</span> <span class='ocrx_word' id='word_1_161' title='bbox 808 2706 904 2790; x_wconf 79' lang='lat' dir='ltr'>oawir</span> <span class='ocrx_word' id='word_1_162' title='bbox 919 2725 1082 2789; x_wconf 90' lang='lat' dir='ltr'>perverus.</span> <span class='ocrx_word' id='word_1_163' title='bbox 1108 2707 1186 2771; x_wconf 85' lang='lat' dir='ltr'>Tria</span> <span class='ocrx_word' id='word_1_164' title='bbox 1199 2707 1266 2771; x_wconf 91' lang='lat' dir='ltr'>alia</span> <span class='ocrx_word' id='word_1_165' title='bbox 1281 2708 1455 2790; x_wconf 82' lang='lat' dir='ltr'>explicavit</span> 
     </span>
     <span class='ocr_line' id='line_1_22' title="bbox 331 2801 1453 2886; baseline 0 -17"><span class='ocrx_word' id='word_1_166' title='bbox 331 2801 550 2869; x_wconf 85' lang='lat' dir='ltr'>Windischius</span> <span class='ocrx_word' id='word_1_167' title='bbox 564 2802 597 2864; x_wconf 93' lang='lat' dir='ltr'>in</span> <span class='ocrx_word' id='word_1_168' title='bbox 613 2802 735 2865; x_wconf 91' lang='lat' dir='ltr'>Kuhnii</span> <span class='ocrx_word' id='word_1_169' title='bbox 749 2803 852 2886; x_wconf 90' lang='lat' dir='ltr'>symb.</span> <span class='ocrx_word' id='word_1_170' title='bbox 868 2802 910 2867; x_wconf 91' lang='lat' dir='ltr'>ad</span> <span class='ocrx_word' id='word_1_171' title='bbox 932 2813 1066 2885; x_wconf 83' lang='lat' dir='ltr'>gramm.</span> <span class='ocrx_word' id='word_1_172' title='bbox 1088 2823 1190 2886; x_wconf 91' lang='lat' dir='ltr'>comp.</span> <span class='ocrx_word' id='word_1_173' title='bbox 1208 2804 1286 2867; x_wconf 90' lang='lat' dir='ltr'>Vlll</span> <span class='ocrx_word' id='word_1_174' title='bbox 1302 2808 1342 2867; x_wconf 79' lang='lat'>42</span> <span class='ocrx_word' id='word_1_175' title='bbox 1359 2804 1453 2869; x_wconf 81' lang='lat' dir='ltr'>Corn.</span> 
     </span>
     <span class='ocr_line' id='line_1_23' title="bbox 332 2898 1452 2984; baseline 0.004 -21"><span class='ocrx_word' id='word_1_176' title='bbox 332 2898 553 2975; x_wconf 80' lang='lat' dir='ltr'>ca-chicetbel,</span> <span class='ocrx_word' id='word_1_177' title='bbox 588 2900 693 2962; x_wconf 81' lang='lat' dir='ltr'>Arem.</span> <span class='ocrx_word' id='word_1_178' title='bbox 723 2900 916 2983; x_wconf 64' lang='lat' dir='ltr'>coquebar,</span> <span class='ocrx_word' id='word_1_179' title='bbox 947 2899 1075 2984; x_wconf 80' lang='lat' dir='ltr'>Cymbr.</span> <span class='ocrx_word' id='word_1_180' title='bbox 1099 2902 1290 2982; x_wconf 69' lang='lat' dir='ltr'>err-piriaarl,</span> <span class='ocrx_word' id='word_1_181' title='bbox 1321 2922 1452 2983; x_wconf 90' lang='lat' dir='ltr'>quorum</span> 
     </span>
     <span class='ocr_line' id='line_1_24' title="bbox 332 2994 1454 3080; baseline 0.002 -18"><span class='ocrx_word' id='word_1_182' title='bbox 332 3017 403 3062; x_wconf 90' lang='lat' dir='ltr'>cum</span> <span class='ocrx_word' id='word_1_183' title='bbox 431 2994 620 3079; x_wconf 81' lang='lat' dir='ltr'>significatio</span> <span class='ocrx_word' id='word_1_184' title='bbox 649 2997 691 3060; x_wconf 88' lang='lat' dir='ltr'>sit</span> <span class='ocrx_word' id='word_1_185' title='bbox 717 3000 822 3079; x_wconf 73' lang='grc' dir='ltr'><em>γίγας,</em></span> <span class='ocrx_word' id='word_1_186' title='bbox 857 2996 1032 3079; x_wconf 89' lang='lat' dir='ltr'>praefixum</span> <span class='ocrx_word' id='word_1_187' title='bbox 1067 2999 1157 3080; x_wconf 91' lang='lat' dir='ltr'>quasi</span> <span class='ocrx_word' id='word_1_188' title='bbox 1191 2998 1454 3080; x_wconf 91' lang='lat' dir='ltr'>reduplicationis</span> 
     </span>
     <span class='ocr_line' id='line_1_25' title="bbox 331 3092 1454 3177; baseline -0.001 -18"><span class='ocrx_word' id='word_1_189' title='bbox 331 3096 403 3160; x_wconf 90' lang='lat' dir='ltr'>vice</span> <span class='ocrx_word' id='word_1_190' title='bbox 429 3093 521 3177; x_wconf 83' lang='lat' dir='ltr'>fungi</span> <span class='ocrx_word' id='word_1_191' title='bbox 549 3092 685 3158; x_wconf 89' lang='lat' dir='ltr'>videtur.</span> <span class='ocrx_word' id='word_1_192' title='bbox 729 3093 928 3158; x_wconf 90' lang='lat' dir='ltr'>Windischio</span> <span class='ocrx_word' id='word_1_193' title='bbox 951 3103 1057 3160; x_wconf 89' lang='lat' dir='ltr'>autem</span> <span class='ocrx_word' id='word_1_194' title='bbox 1089 3096 1149 3159; x_wconf 91' lang='lat' dir='ltr'>hoc</span> <span class='ocrx_word' id='word_1_195' title='bbox 1171 3116 1208 3157; x_wconf 81' lang='lat' dir='ltr'>en</span> <span class='ocrx_word' id='word_1_196' title='bbox 1231 3115 1302 3160; x_wconf 88' lang='lat' dir='ltr'>esse</span> <span class='ocrx_word' id='word_1_197' title='bbox 1324 3097 1344 3159; x_wconf 93' lang='lat' dir='ltr'>i.</span> <span class='ocrx_word' id='word_1_198' title='bbox 1368 3116 1398 3177; x_wconf 93' lang='lat' dir='ltr'>q.</span> <span class='ocrx_word' id='word_1_199' title='bbox 1422 3098 1454 3158; x_wconf 84' lang='lat' dir='ltr'>in</span> 
     </span>
     <span class='ocr_line' id='line_1_26' title="bbox 331 3190 1454 3274; baseline 0.004 -18"><span class='ocrx_word' id='word_1_200' title='bbox 331 3192 439 3257; x_wconf 87' lang='lat' dir='ltr'>Latini</span> <span class='ocrx_word' id='word_1_201' title='bbox 468 3190 620 3274; x_wconf 83' lang='lat' dir='ltr'>adjectivi</span> <span class='ocrx_word' id='word_1_202' title='bbox 649 3192 757 3272; x_wconf 76' lang='lat' dir='ltr'>inpono</span> <span class='ocrx_word' id='word_1_203' title='bbox 790 3191 966 3273; x_wconf 82' lang='lat' dir='ltr'>suspicanti</span> <span class='ocrx_word' id='word_1_204' title='bbox 998 3191 1077 3256; x_wconf 91' lang='lat' dir='ltr'>nibil</span> <span class='ocrx_word' id='word_1_205' title='bbox 1105 3200 1154 3258; x_wconf 91' lang='lat' dir='ltr'>est</span> <span class='ocrx_word' id='word_1_206' title='bbox 1181 3213 1235 3257; x_wconf 82' lang='lat' dir='ltr'>our</span> <span class='ocrx_word' id='word_1_207' title='bbox 1265 3212 1328 3256; x_wconf 94' lang='lat' dir='ltr'>non</span> <span class='ocrx_word' id='word_1_208' title='bbox 1356 3194 1454 3260; x_wconf 88' lang='lat' dir='ltr'>valde</span> 
     </span>
     <span class='ocr_line' id='line_1_27' title="bbox 329 3288 1120 3369; baseline -0.004 -14"><span class='ocrx_word' id='word_1_209' title='bbox 329 3290 553 3355; x_wconf 86' lang='lat' dir='ltr'>assentiamur.</span> <span class='ocrx_word' id='word_1_210' title='bbox 596 3288 794 3369; x_wconf 79' lang='lat' dir='ltr'>Significatio</span> <span class='ocrx_word' id='word_1_211' title='bbox 816 3289 901 3353; x_wconf 90' lang='lat' dir='ltr'>enirn</span> <span class='ocrx_word' id='word_1_212' title='bbox 924 3289 1037 3354; x_wconf 90' lang='lat' dir='ltr'>eadem</span> <span class='ocrx_word' id='word_1_213' title='bbox 1061 3296 1120 3354; x_wconf 91' lang='lat' dir='ltr'>est.</span> 
     </span>
    </p>

    <p class='ocr_par' dir='ltr' id='par_1_5' title="bbox 327 3384 1475 4341">
     <span class='ocr_line' id='line_1_28' title="bbox 417 3384 1455 3467; baseline 0.003 -18"><span class='ocrx_word' id='word_1_214' title='bbox 417 3386 547 3449; x_wconf 87' lang='lat' dir='ltr'>Summo</span> <span class='ocrx_word' id='word_1_215' title='bbox 565 3384 640 3467; x_wconf 89' lang='lat' dir='ltr'>jure</span> <span class='ocrx_word' id='word_1_216' title='bbox 663 3384 930 3450; x_wconf 85' lang='lat' dir='ltr'>Germanicae</span> <span class='ocrx_word' id='word_1_217' title='bbox 952 3386 1084 3466; x_wconf 76' lang='lat' dir='ltr'>linguae</span> <span class='ocrx_word' id='word_1_218' title='bbox 1106 3388 1137 3447; x_wconf 82' lang='lat' dir='ltr'>ia</span> <span class='ocrx_word' id='word_1_219' title='bbox 1159 3387 1352 3451; x_wconf 90' lang='lat' dir='ltr'>intensivum</span> <span class='ocrx_word' id='word_1_220' title='bbox 1367 3388 1455 3452; x_wconf 88' lang='lat' dir='ltr'>attri-</span> 
     </span>
     <span class='ocr_line' id='line_1_29' title="bbox 330 3481 1454 3566; baseline 0.004 -20"><span class='ocrx_word' id='word_1_221' title='bbox 330 3482 441 3546; x_wconf 91' lang='lat' dir='ltr'>butum</span> <span class='ocrx_word' id='word_1_222' title='bbox 464 3501 535 3546; x_wconf 90' lang='lat' dir='ltr'>esse</span> <span class='ocrx_word' id='word_1_223' title='bbox 557 3481 692 3560; x_wconf 90' lang='lat' dir='ltr'>videtur,</span> <span class='ocrx_word' id='word_1_224' title='bbox 726 3482 768 3546; x_wconf 95' lang='lat' dir='ltr'>de</span> <span class='ocrx_word' id='word_1_225' title='bbox 789 3501 851 3563; x_wconf 91' lang='lat' dir='ltr'>quo</span> <span class='ocrx_word' id='word_1_226' title='bbox 872 3482 1025 3564; x_wconf 86' lang='lat' dir='ltr'>praefixo,</span> <span class='ocrx_word' id='word_1_227' title='bbox 1048 3490 1257 3566; x_wconf 89' lang='lat' dir='ltr'>posteaquam</span> <span class='ocrx_word' id='word_1_228' title='bbox 1281 3484 1454 3551; x_wconf 86' lang='lat' dir='ltr'>Grimmius</span> 
     </span>
     <span class='ocr_line' id='line_1_30' title="bbox 330 3578 1454 3662; baseline 0.005 -21"><span class='ocrx_word' id='word_1_229' title='bbox 330 3598 463 3662; x_wconf 82' lang='lat' dir='ltr'>gramm.</span> <span class='ocrx_word' id='word_1_230' title='bbox 493 3578 526 3641; x_wconf 91' lang='lat' dir='ltr'>ll</span> <span class='ocrx_word' id='word_1_231' title='bbox 548 3581 608 3642; x_wconf 83' lang='lat'>758</span> <span class='ocrx_word' id='word_1_232' title='bbox 625 3597 693 3659; x_wconf 90' lang='lat' dir='ltr'>sqq.</span> <span class='ocrx_word' id='word_1_233' title='bbox 721 3578 817 3642; x_wconf 92' lang='lat' dir='ltr'>totius</span> <span class='ocrx_word' id='word_1_234' title='bbox 845 3580 1041 3659; x_wconf 89' lang='lat' dir='ltr'>quaestionis</span> <span class='ocrx_word' id='word_1_235' title='bbox 1068 3587 1103 3643; x_wconf 91' lang='lat' dir='ltr'>ut</span> <span class='ocrx_word' id='word_1_236' title='bbox 1131 3581 1213 3644; x_wconf 89' lang='lat' dir='ltr'>solet</span> <span class='ocrx_word' id='word_1_237' title='bbox 1244 3580 1454 3647; x_wconf 82' lang='lat' dir='ltr'>fundamenta</span> 
     </span>
     <span class='ocr_line' id='line_1_31' title="bbox 327 3675 1451 3760; baseline 0.004 -20"><span class='ocrx_word' id='word_1_238' title='bbox 327 3675 422 3758; x_wconf 89' lang='lat' dir='ltr'>jecit,</span> <span class='ocrx_word' id='word_1_239' title='bbox 452 3695 553 3756; x_wconf 89' lang='lat' dir='ltr'>usque</span> <span class='ocrx_word' id='word_1_240' title='bbox 574 3675 680 3738; x_wconf 88' lang='lat' dir='ltr'>adhuc</span> <span class='ocrx_word' id='word_1_241' title='bbox 702 3694 799 3757; x_wconf 89' lang='lat' dir='ltr'>saepe</span> <span class='ocrx_word' id='word_1_242' title='bbox 820 3675 881 3739; x_wconf 91' lang='lat' dir='ltr'>viri</span> <span class='ocrx_word' id='word_1_243' title='bbox 900 3676 987 3741; x_wconf 89' lang='lat' dir='ltr'>docti</span> <span class='ocrx_word' id='word_1_244' title='bbox 1011 3677 1227 3760; x_wconf 84' lang='lat' dir='ltr'>disputarunt,</span> <span class='ocrx_word' id='word_1_245' title='bbox 1256 3685 1451 3759; x_wconf 86' lang='lat' dir='ltr'>postremum</span> 
     </span>
     <span class='ocr_line' id='line_1_32' title="bbox 331 3771 1453 3855; baseline 0.005 -20"><span class='ocrx_word' id='word_1_246' title='bbox 331 3772 497 3850; x_wconf 85' lang='lat' dir='ltr'>Hoelerus,</span> <span class='ocrx_word' id='word_1_247' title='bbox 521 3771 671 3835; x_wconf 86' lang='lat' dir='ltr'>German.</span> <span class='ocrx_word' id='word_1_248' title='bbox 695 3771 756 3834; x_wconf 90' lang='lat' dir='ltr'>XV</span> <span class='ocrx_word' id='word_1_249' title='bbox 779 3774 819 3848; x_wconf 90' lang='lat' dir='ltr'>(a.</span> <span class='ocrx_word' id='word_1_250' title='bbox 846 3776 938 3850; x_wconf 81' lang='lat'>1870)</span> <span class='ocrx_word' id='word_1_251' title='bbox 962 3778 999 3837; x_wconf 85' lang='lat' dir='ltr'>bl</span> <span class='ocrx_word' id='word_1_252' title='bbox 1018 3794 1086 3855; x_wconf 92' lang='lat' dir='ltr'>sqq.</span> <span class='ocrx_word' id='word_1_253' title='bbox 1127 3776 1241 3838; x_wconf 86' lang='lat' dir='ltr'>Exstat</span> <span class='ocrx_word' id='word_1_254' title='bbox 1263 3776 1347 3839; x_wconf 91' lang='lat' dir='ltr'>enirn</span> <span class='ocrx_word' id='word_1_255' title='bbox 1370 3777 1453 3841; x_wconf 89' lang='lat' dir='ltr'>illud</span> 
     </span>
     <span class='ocr_line' id='line_1_33' title="bbox 332 3866 1453 3952; baseline 0.007 -21"><span class='ocrx_word' id='word_1_256' title='bbox 332 3869 363 3931; x_wconf 84' lang='lat' dir='ltr'>ia</span> <span class='ocrx_word' id='word_1_257' title='bbox 385 3868 417 3931; x_wconf 91' lang='lat' dir='ltr'>in</span> <span class='ocrx_word' id='word_1_258' title='bbox 434 3866 581 3932; x_wconf 87' lang='lat' dir='ltr'>dialectis</span> <span class='ocrx_word' id='word_1_259' title='bbox 597 3868 796 3933; x_wconf 83' lang='lat' dir='ltr'>Germanicis</span> <span class='ocrx_word' id='word_1_260' title='bbox 818 3870 869 3933; x_wconf 91' lang='lat' dir='ltr'>vel</span> <span class='ocrx_word' id='word_1_261' title='bbox 893 3871 1126 3952; x_wconf 92' lang='lat' dir='ltr'>antiquioribus</span> <span class='ocrx_word' id='word_1_262' title='bbox 1148 3872 1201 3935; x_wconf 90' lang='lat' dir='ltr'>vel</span> <span class='ocrx_word' id='word_1_263' title='bbox 1222 3872 1453 3939; x_wconf 87' lang='lat' dir='ltr'>recentioribus</span> 
     </span>
     <span class='ocr_line' id='line_1_34' title="bbox 332 3964 1452 4049; baseline 0.005 -19"><span class='ocrx_word' id='word_1_264' title='bbox 332 3971 364 4030; x_wconf 91' lang='lat' dir='ltr'>et</span> <span class='ocrx_word' id='word_1_265' title='bbox 377 3964 547 4029; x_wconf 85' lang='lat' dir='ltr'>manifesto</span> <span class='ocrx_word' id='word_1_266' title='bbox 566 3984 583 4029; x_wconf 93' lang='lat' dir='ltr'>e</span> <span class='ocrx_word' id='word_1_267' title='bbox 598 3966 834 4047; x_wconf 88' lang='lat' dir='ltr'>praepositione</span> <span class='ocrx_word' id='word_1_268' title='bbox 849 3973 951 4030; x_wconf 88' lang='lat' dir='ltr'>ortum</span> <span class='ocrx_word' id='word_1_269' title='bbox 967 3976 1016 4033; x_wconf 89' lang='lat' dir='ltr'>est</span> <span class='ocrx_word' id='word_1_270' title='bbox 1030 3968 1073 4031; x_wconf 91' lang='lat' dir='ltr'>ad</span> <span class='ocrx_word' id='word_1_271' title='bbox 1089 3968 1269 4049; x_wconf 83' lang='lat' dir='ltr'>aagendam</span> <span class='ocrx_word' id='word_1_272' title='bbox 1289 3972 1452 4036; x_wconf 90' lang='lat' dir='ltr'>notionem</span> 
     </span>
     <span class='ocr_line' id='line_1_35' title="bbox 332 4060 1452 4146; baseline 0.006 -21"><span class='ocrx_word' id='word_1_273' title='bbox 332 4060 498 4127; x_wconf 90' lang='lat' dir='ltr'>vocabulis</span> <span class='ocrx_word' id='word_1_274' title='bbox 526 4060 677 4144; x_wconf 85' lang='lat' dir='ltr'>praefixa.</span> <span class='ocrx_word' id='word_1_275' title='bbox 729 4064 886 4145; x_wconf 84' lang='lat' dir='ltr'>Exempla</span> <span class='ocrx_word' id='word_1_276' title='bbox 919 4065 1146 4146; x_wconf 87' lang='lat' dir='ltr'>perlustremus</span> <span class='ocrx_word' id='word_1_277' title='bbox 1175 4065 1384 4130; x_wconf 88' lang='lat' dir='ltr'>dialectorum</span> <span class='ocrx_word' id='word_1_278' title='bbox 1413 4087 1452 4132; x_wconf 87' lang='lat' dir='ltr'>ao</span> 
     </span>
     <span class='ocr_line' id='line_1_36' title="bbox 332 4159 1453 4246; baseline 0.006 -23"><span class='ocrx_word' id='word_1_279' title='bbox 332 4164 509 4239; x_wconf 92' lang='lat' dir='ltr'>temporum</span> <span class='ocrx_word' id='word_1_280' title='bbox 532 4159 644 4224; x_wconf 89' lang='lat' dir='ltr'>ordine</span> <span class='ocrx_word' id='word_1_281' title='bbox 659 4160 824 4244; x_wconf 89' lang='lat' dir='ltr'>disposita.</span> <span class='ocrx_word' id='word_1_282' title='bbox 857 4161 962 4242; x_wconf 82' lang='lat' dir='ltr'>Atque</span> <span class='ocrx_word' id='word_1_283' title='bbox 983 4162 1017 4225; x_wconf 94' lang='lat' dir='ltr'>in</span> <span class='ocrx_word' id='word_1_284' title='bbox 1033 4161 1206 4226; x_wconf 87' lang='lat' dir='ltr'>Gothica</span> <span class='ocrx_word' id='word_1_285' title='bbox 1228 4163 1340 4244; x_wconf 82' lang='lat' dir='ltr'>lingua</span> <span class='ocrx_word' id='word_1_286' title='bbox 1355 4184 1453 4246; x_wconf 94' lang='lat' dir='ltr'>quon·</span> 
     </span>
     <span class='ocr_line' id='line_1_37' title="bbox 331 4253 1475 4341; baseline 0.009 -24"><span class='ocrx_word' id='word_1_287' title='bbox 331 4253 396 4319; x_wconf 92' lang='lat' dir='ltr'>iam</span> <span class='ocrx_word' id='word_1_288' title='bbox 429 4254 634 4336; x_wconf 89' lang='lat' dir='ltr'>reliquiarum</span> <span class='ocrx_word' id='word_1_289' title='bbox 666 4258 828 4339; x_wconf 89' lang='lat' dir='ltr'>paucitate</span> <span class='ocrx_word' id='word_1_290' title='bbox 862 4264 1008 4322; x_wconf 89' lang='lat' dir='ltr'>vetamur</span> <span class='ocrx_word' id='word_1_291' title='bbox 1040 4260 1141 4323; x_wconf 91' lang='lat' dir='ltr'>multa</span> <span class='ocrx_word' id='word_1_292' title='bbox 1173 4267 1376 4341; x_wconf 88' lang='lat' dir='ltr'>exspectare,</span> <span class='ocrx_word' id='word_1_293' title='bbox 1410 4280 1475 4327; x_wconf 91' lang='lat' dir='ltr'>ne-</span> 
     </span>
    </p>
   </div>
   <div class='ocr_carea' id='block_1_5' title="bbox 0 0 1792 5334">
    <p class='ocr_par' dir='ltr' id='par_1_6' title="bbox 0 0 1792 5334">
     <span class='ocr_line' id='line_1_38' title="bbox 0 0 1792 5334; baseline 0 1"><span class='ocrx_word' id='word_1_294' title='bbox 0 0 1792 5334; x_wconf 95' lang='lat' dir='ltr'> </span> 
     </span>
    </p>
   </div>
  </div>
 </body>
</html>
