3575 5334
731 683 763 737 de
783 684 898 739 dialecto
916 686 1070 740 herodotea.
1403 686 1465 748 129

333 854 392 921 scd
415 854 515 919 nimio
544 854 714 936 analogiae
744 863 776 920 et
798 858 997 922 constantiae
1023 858 1128 924 studio
1158 860 1330 942 perductus
1351 881 1465 945 saepe-

334 972 468 1017 numero
490 952 524 1017 in
541 971 677 1017 errorem
697 952 820 1033 incidit,
843 954 928 1035 quod
945 957 1100 1038 neglectis
1123 956 1285 1022 codicibus
1306 978 1463 1039 gramma-

317 1051 467 1114 ticorum
493 1049 616 1133 judicio
646 1050 741 1115 nimis
770 1049 952 1116 confidebat
981 1060 1013 1117 et
1043 1052 1126 1134 quod
1157 1054 1226 1135 ejus
1255 1055 1295 1120 de
1325 1054 1462 1122 dialecto

320 1147 456 1228 ionica,
488 1147 527 1212 de
557 1148 766 1213 dialectorum
790 1149 930 1228 ratione,
961 1149 1002 1214 de
1030 1150 1161 1231 linguae
1189 1170 1325 1233 graecae
1347 1161 1463 1220 natura

335 1245 496 1310 sententia
517 1244 601 1310 falsa
624 1252 701 1310 erat.
731 1282 770 1288 —
801 1244 991 1326 Praeterea,
1020 1246 1054 1309 id
1077 1247 1162 1329 quod
1183 1246 1227 1312 ad
1254 1255 1355 1313 totam
1378 1251 1463 1316 hanc

334 1341 510 1407 secundam
532 1342 686 1407 rationem
710 1341 858 1424 pertinet,
882 1344 1043 1409 nescimus
1065 1344 1132 1409 iere
1152 1345 1209 1409 tali
1224 1346 1256 1410 in
1272 1348 1460 1429 scriptorum

335 1447 364 1505 et
384 1440 629 1523 inscriptionum
652 1439 798 1522 penuria,
822 1440 927 1520 qualis
945 1441 1105 1507 Ionismus
1128 1441 1243 1507 aetatis
1266 1442 1461 1512 herodoteae

334 1536 435 1602 luerit.
481 1538 595 1618 Neque
617 1537 650 1601 id
673 1537 927 1601 obliviscendum
951 1545 1017 1618 est,
1047 1538 1260 1618 Herodotum,
1287 1545 1324 1603 ut
1345 1539 1391 1605 ita
1415 1542 1462 1606 di·

333 1655 420 1718 cam,
450 1655 515 1699 non
539 1655 595 1699 sno
618 1642 740 1699 tantum
765 1635 864 1699 Marte
887 1636 1008 1719 egisse3
1037 1636 1165 1701 fuerunt
1194 1642 1268 1702 ante
1291 1656 1363 1702 eum
1385 1640 1460 1705 scri·

334 1740 440 1815 ptores
469 1732 634 1815 pedestres
663 1730 779 1810 ionici,
807 1751 885 1812 quos
909 1739 1027 1796 certam
1051 1732 1287 1814 quodammodo
1312 1755 1458 1803 normam

334 1829 493 1895 scribendi
523 1828 726 1894 constituisse
754 1828 946 1893 concludere
972 1830 1061 1908 licet,
1091 1849 1224 1911 quorum
1252 1838 1457 1898 tamencum

333 1927 469 2009 pusillae
490 1935 615 1991 tantum
644 1926 800 2007 reliquiae
830 1926 923 1989 nobis
952 1933 1100 1991 servatae
1130 1926 1210 2007 sint,
1240 1930 1320 1994 haec
1350 1932 1458 1996 omnia

333 2024 442 2107 spissis
464 2024 606 2090 tenebris
629 2032 703 2089 sunt
725 2024 840 2089 obruta
862 2023 911 2098 (cf.
928 2023 1023 2087 Bred.
1039 2044 1070 2105 0.
1088 2027 1156 2105 50);
1179 2045 1221 2090 06
1242 2025 1303 2090 hoo
1327 2027 1457 2108 quidem

333 2129 456 2187 constat
484 2122 682 2186 Herodotum
711 2140 838 2202 semper
866 2140 945 2201 puro
971 2114 1111 2184 Ionismo
1140 2141 1231 2184 usum
1262 2141 1342 2187 6006.
1394 2126 1457 2188 Ita·

332 2238 400 2299 que,
424 2238 618 2300 quamquam
634 2218 711 2283 mibi
728 2216 854 2300 quidem
878 2217 959 2281 haec
977 2216 1119 2281 secunda
1133 2217 1213 2281 ratio
1230 2218 1326 2284 valde
1349 2221 1456 2303 placet

332 2334 432 2397 euque
461 2336 531 2382 esse
560 2315 702 2397 videtur,
736 2336 799 2398 qua
835 2334 945 2379 verum
979 2314 1098 2396 optime
1126 2314 1314 2395 investigari
1343 2317 1454 2399 possit,

331 2418 436 2478 tamen
460 2434 585 2478 summa
607 2415 754 2478 cautione
776 2412 937 2494 agendum
957 2430 1060 2493 neque
1076 2411 1243 2493 quicquam
1266 2411 1361 2479 nimis
1383 2435 1456 2497 pro·

331 2530 403 2592 pere
427 2510 664 2576 decernendum
688 2530 759 2575 esse
781 2528 906 2574 censeo.
1202 2586 1208 2606 θ

412 2610 524 2673 Tertia
556 2609 637 2674 ratio
666 2608 908 2678 Steinianae
943 2605 1149 2671 editionis
1182 2606 1355 2673 criticae
1389 2616 1453 2692 est;

333 2704 409 2770 haec
447 2705 545 2770 editio
561 2769 566 2778 ,
582 2726 654 2771 mea
692 2704 819 2787 quidem
857 2704 1017 2769 sententia
1054 2705 1195 2768 omnium
1232 2705 1455 2786 quaestionum

332 2800 591 2885 herodotearum,
622 2802 761 2885 quaein
791 2802 929 2865 futurum
953 2801 1045 2881 tient,
1075 2800 1316 2867 fundamentum
1345 2802 1456 2869 firmis-

332 2898 443 2963 simum
468 2901 538 2981 erit,
562 2907 732 2983 propterea
754 2906 786 2963 et
801 2898 885 2981 quod
900 2920 964 2963 uno
986 2899 1019 2963 in
1042 2903 1214 2980 conspectu
1237 2919 1348 2965 omnes
1371 2899 1456 2966 codi-

331 3014 399 3061 cum
422 2998 604 3079 varietates‚
629 2997 752 3079 ingenti
775 2996 946 3078 diligentia
968 2995 1131 3074 collectae,
1158 3004 1391 3079 praestosum,
1420 3005 1456 3062 ut

331 3114 413 3159 nuno
436 3094 580 3176 demum,
611 3094 686 3176 quid
716 3094 842 3159 codices
871 3093 913 3157 de
941 3090 1076 3171 singulis
1104 3091 1182 3156 locis
1211 3098 1383 3172 testentur,
1413 3095 1454 3158 sit

331 3190 533 3273 perspicuum
555 3200 588 3256 et
610 3192 695 3274 quod
719 3211 803 3256 nunc
825 3190 970 3254 codicum
992 3188 1075 3252 inter
1098 3207 1133 3252 se
1156 3207 1296 3252 conexus
1324 3210 1454 3271 prorsus

331 3286 395 3354 iere
417 3291 565 3370 cognitus
588 3309 758 3370 eorumque
781 3286 924 3352 familiae
952 3283 1110 3366 probabili
1134 3284 1377 3349 ratiocinatione
1400 3286 1454 3351 de·

331 3383 438 3451 initae
461 3393 544 3451 sunt.
574 3387 687 3468 Neque
703 3386 813 3450 dubito
837 3384 944 3448 dicere
965 3382 1026 3446 hoc
1048 3399 1145 3462 opere
1166 3401 1284 3445 novam
1306 3400 1451 3447 curarum

330 3468 572 3548 herodotearum
595 3490 733 3548 aetatem
756 3484 980 3563 inauguratam
996 3498 1078 3544 esse.
1108 3479 1232 3543 Tamen
1247 3479 1307 3542 viri
1331 3480 1452 3561 egregii

329 3578 442 3643 rationi
478 3579 606 3645 dialecti
644 3580 838 3646 herodoteae
870 3575 1106 3661 perquirendae
1144 3582 1176 3641 et
1208 3576 1452 3643 constituendae

328 3676 474 3741 assentiri
499 3697 562 3747 non
585 3698 731 3760 possum3
755 3675 930 3741 secundum
953 3674 1023 3756 ejus
1039 3673 1123 3739 enim
1146 3673 1339 3738 sententiam
1362 3675 1452 3741 nullo

328 3772 421 3837 modb
453 3772 663 3839 demonstrari
700 3781 806 3857 001601
833 3771 1029 3837 Herodotum
1058 3771 1110 3835 vel
1139 3771 1310 3851 analogiae
1338 3771 1453 3837 forma·

330 3889 461 3951 rumque
484 3873 684 3937 constantiae
712 3870 873 3936 studuisse
901 3870 953 3934 vel
984 3868 1158 3950 genuinum
1182 3868 1355 3933 Ionismum
1386 3870 1452 3935 suis

329 3964 417 4032 libris
439 3969 619 4050 exprimere
640 3968 790 4034 voluisse.
828 3967 980 4032 Defendit
1001 3966 1097 4047 igitur
1120 3972 1152 4030 61
1174 3966 1266 4049 epica
1289 3974 1321 4029 61
1342 3965 1451 4029 dorica

330 4063 437 4143 (praef.
454 4085 486 4146 p.
506 4069 659 4147 48-53);
684 4066 740 4131 sed
765 4085 847 4147 quae
870 4065 962 4147 epica
983 4062 1069 4145 apud
1092 4062 1289 4127 Herodotum
1312 4067 1449 4140 exstant,

329 4157 409 4226 bene
431 4180 472 4226 ex
495 4164 651 4228 sermonis
673 4181 799 4228 conexu
823 4168 1014 4226 excusantur
1036 4161 1086 4235 (cf.
1110 4160 1182 4223 127
1207 4158 1244 4221 oi
1265 4156 1326 4238 γὰρ
1349 4161 1449 4220 τοῦτο

329 4260 407 4323 θεοὶ
435 4258 618 4344 ποιήσειαν
642 4280 712 4325 eum
735 4284 753 4323 v
777 4262 840 4324 236
869 4259 906 4320 0ιῖ
927 4256 989 4340 γὰρ
1013 4263 1111 4320 τοῦτο
1137 4257 1223 4333 ξεῖνε
1250 4252 1333 4327 ἔπος
1355 4251 1450 4326 sim).

375 4358 488 4408 Cuanms,
505 4358 598 4401 Studien
611 4359 667 4401 vm.
1228 4356 1244 4405 9
