3575 5334
427 692 488 754 204
920 695 1061 751 Merzdorl

428 868 469 935 τὰ
492 868 555 954 γὰρ
577 875 638 956 τῆς
662 867 821 952 δευτέρας
844 868 1008 956 φεύγουσι
1029 867 1091 956 τὴν
1115 867 1281 954 διαίρεσιν
1306 869 1396 957 πλὴν
1420 867 1513 953 ὅμως
1532 869 1551 935 ἃ

429 968 600 1054 διαιροῦσι
623 963 751 1033 σπάνιά
774 966 876 1034 ἐστιν.
914 968 952 1034 In
975 970 1033 1034 tali
1055 967 1313 1051 adjumentorum
1336 969 1475 1053 penuria
1497 969 1551 1033 viri

428 1066 522 1150 docti,
546 1068 599 1150 qui
622 1068 705 1132 banc
727 1086 794 1131 rem
816 1073 1004 1150 tractarunt,
1028 1067 1215 1151 praesertim
1233 1086 1304 1131 cum
1327 1066 1416 1131 baud
1438 1068 1568 1134 idoneo

428 1166 472 1231 uti
505 1171 638 1249 possent
670 1172 829 1250 apparatu
858 1166 983 1246 critico,
1016 1185 1075 1249 pro
1103 1185 1162 1230 sua
1191 1164 1326 1247 quisque
1352 1164 1495 1231 audacia
1524 1174 1554 1231 ct

426 1264 563 1329 libidine
594 1282 660 1329 rem
694 1262 920 1345 dijudicarunt.
970 1262 1078 1342 Quid?
1114 1262 1200 1345 quod
1231 1261 1412 1329 Bredov'ins
1445 1282 1554 1328 omnes

426 1362 545 1427 formas
570 1368 750 1427 contractas
771 1361 870 1426 solvit
892 1361 1057 1426 nonnullis
1079 1360 1232 1443 exceptis,
1254 1361 1425 1442 inquibus
1447 1380 1553 1426 nume·

427 1467 538 1525 rantur
562 1464 648 1524 οῶσι
670 1462 703 1524 in
720 1462 770 1525 Et.
786 1458 828 1524 M.
851 1466 1012 1538 testatum,
1036 1456 1286 1544 στρωφώμενος
1308 1463 1454 1541 (propter
1469 1466 1554 1524 ante·

428 1558 546 1624 cedens
562 1559 634 1633 wli)
659 1555 836 1638 θεώμενος
858 1554 942 1622 ἒώσι
956 1557 1010 1638 al,
1034 1574 1145 1621 omnes
1168 1557 1302 1639 optativi
1325 1564 1357 1622 et
1374 1557 1469 1623 verbi
1492 1554 1553 1622 sta

428 1656 563 1738 formae3
593 1675 634 1721 ne
658 1653 850 1739 χρεώμενος
878 1654 1007 1737 quidem
1036 1661 1068 1719 et
1094 1657 1246 1736 χρέωμαι
1264 1654 1394 1719 iormis'
1412 1654 1555 1737 pepercit

427 1753 494 1817 ille.
539 1753 613 1837 lpse
636 1762 759 1833 aurem,
789 1761 929 1836 quantae
958 1772 1039 1835 opus
1064 1751 1220 1818 audaciae
1249 1752 1383 1833 iaceret,
1414 1755 1554 1818 sensisse

428 1850 570 1932 videtur,
600 1870 670 1916 curn
694 1858 815 1916 mutato
844 1856 954 1934 ττειρώ
976 1852 1009 1915 in
1032 1854 1162 1934 ττειρέο,
1188 1855 1324 1935 μηχανῶ
1350 1850 1553 1937 inpinguato

427 1949 480 2016 ita.
495 1956 622 2034 pergat:
661 1946 710 2014 ἷέο
735 1956 766 2015 et
793 1954 883 2032 βιέο,
916 1969 999 2032 quae
1027 1950 1112 2013 hanc
1133 1947 1177 2013 ad
1198 1967 1343 2012 normam
1366 1948 1554 2014 formaveris

427 2068 485 2131 pro
515 2048 655 2130 vulgatis
685 2044 724 2110 ἰώ
748 2054 780 2113 et
801 2052 866 2131 βιῶ
896 2046 982 2112 baud
1011 2047 1123 2129 negari
1151 2052 1257 2129 potest
1283 2045 1402 2111 nostris
1423 2045 1552 2128 quidem

427 2153 460 2211 et
481 2145 611 2211 auribus
634 2151 666 2211 et
687 2145 786 2210 oculis
808 2146 914 2210 minus
934 2147 1072 2229 placere.
1305 2137 1308 2141 ’
1334 2158 1336 2164 ’

512 2294 654 2359 Artiorcs
677 2318 697 2357 a
720 2296 753 2359 in
777 2319 792 2359 ε
816 2293 930 2359 mutati
951 2292 1031 2359 fines
1052 2290 1237 2357 Dindorfius
1259 2290 1358 2375 praei.
1382 2313 1413 2376 p.
1436 2292 1552 2357 XXIX

427 2392 587 2471 definivit,
618 2412 673 2458 cos
695 2400 818 2473 minen,
851 2394 905 2475 qui
934 2410 1039 2473 neque
1066 2390 1211 2456 codicum
1231 2389 1428 2455 auctoritate
1450 2409 1553 2472 neque

427 2492 498 2575 ipsa
520 2490 682 2572 aequabili
712 2497 743 2555 ct
771 2498 989 2555 consentanea
1018 2490 1141 2554 ratione
1169 2486 1451 2569 commendentur3
1479 2508 1552 2552 nam

427 2597 554 2672 praeter
576 2586 622 2653 ἑοῦ
648 2589 744 2653 etiam
773 2588 1015 2671 monosyllaba,
1044 2587 1182 2652 fortasse
1208 2581 1376 2668 βιώμενος
1399 2581 1551 2667 ἰώμενος,

410 2685 562 2756 ⁴fortasse
590 2686 686 2750 etiam
716 2692 796 2749 νικώ
826 2685 1019 2770 excipienda
1046 2705 1118 2751 esse
1150 2691 1252 2769 putat.
1296 2682 1361 2749 Sed
1390 2702 1447 2748 cur
1475 2682 1553 2748 haec

427 2802 506 2866 prae
529 2785 643 2848 ceteris
665 2783 875 2866 excipiantur,
898 2804 1029 2867 prorsus
1052 2804 1117 2848 non
1139 2782 1249 2864 liquet.

513 2932 613 2996 Multo
641 2932 771 3016 propius
800 2953 821 2997 a
849 2931 985 2997 veritate
1012 2932 1127 2997 abesse
1160 2931 1240 2996 mibi
1267 2927 1398 3012 quidem
1427 2929 1552 2994 videtur

428 3023 612 3114 Lbardyus‚
646 3030 698 3113 qui
731 3037 859 3115 praeter
889 3034 1040 3114 χρέιομαι
1073 3037 1105 3095 et
1132 3028 1305 3095 nonnullas
1337 3026 1428 3091 vocis
1462 3020 1551 3110 ὁρόω

427 3127 544 3193 formas
566 3128 752 3200 (secundum
769 3147 841 3193 eum
856 3127 991 3193 tortasse
1013 3128 1110 3194 ctiam
1134 3122 1349 3211 ὁρμεώμενος
1370 3129 1551 3205 τιμέωντες

426 3226 556 3307 τολμέω
602 3222 773 3312 ὁρμέιοντο
817 3230 1039 3308 καταρέονται
1075 3224 1268 3309 excipienda
1307 3228 1393 3297 sunt)
1436 3224 1552 3305 ubique

427 3323 545 3389 formas
572 3331 753 3389 contractas
783 3324 894 3408 reponi
920 3323 1032 3407 jussit3
1067 3330 1191 3405 tamen,
1224 3343 1304 3406 quas
1331 3321 1477 3387 admittit
1501 3340 1551 3387 ox·

427 3421 591 3503 captiones
613 3442 698 3487 nuno
720 3442 737 3487 e
759 3422 891 3487 meliore
913 3421 1057 3487 codicum
1080 3421 1262 3503 cognitione
1285 3438 1397 3485 omnes
1418 3419 1488 3485 fere
1508 3435 1551 3481 ro·

423 3516 586 3599 jiciendae
614 3526 697 3583 sunt.
742 3519 854 3585 Steinii
883 3528 989 3585 autem
1018 3520 1100 3584 ratio
1128 3533 1241 3585 vereor
1267 3537 1309 3584 ne
1338 3517 1463 3584 nemini
1485 3534 1551 3599 pro-

428 3614 534 3698 betur3
569 3617 638 3698 quis
669 3618 752 3682 enim
775 3617 972 3683 Herodotum
999 3618 1236 3693 τελεοτέοντοις
1262 3623 1293 3681 ct
1316 3615 1552 3689 sclavanicam,

428 3707 584 3795 ὁρέοντες
613 3721 644 3779 et
673 3711 777 3800 ώρων,
815 3717 1004 3797 τολμῶντες
1033 3725 1064 3781 et
1096 3715 1227 3796 τολμέω
1255 3713 1350 3780 simul
1378 3713 1553 3795 usurpasse

375 3798 386 3810 ²
427 3810 489 3873 sibi
510 3812 739 3895 persuadebit?
762 3850 803 3859 -
826 3815 974 3896 Denique
996 3813 1173 3896 Spreerius‚
1202 3811 1293 3894 cujus
1314 3810 1474 3893 catalogis
1495 3809 1553 3873 ior·

427 3928 549 3974 marum
577 3910 642 3976 no'n
670 3912 757 3976 omni
786 3920 939 3996 exparte
967 3913 1028 3976 bac
1055 3913 1088 3977 in
1115 3911 1303 3994 quaestione
1330 3908 1412 3975 fides
1441 3906 1553 3973 haberi

427 4013 541 4090 potest,
564 4028 693 4092 prorsus
714 4010 780 4076 iere
801 4030 822 4075 a
843 4010 1005 4075 codicibus
1027 4010 1163 4095 pendet,
1186 4028 1257 4073 cum
1278 4006 1430 4073 interiore
1452 4013 1490 4070 ut
1509 4005 1555 4068 ita

427 4105 532 4171 dicam
566 4108 690 4173 ratione
721 4108 795 4175 huic
826 4108 1006 4190 quaestioni
1036 4128 1100 4171 non
1131 4095 1278 4173 adbibita
1310 4124 1352 4169 ex
1382 4100 1553 4188 archetypi

426 4204 550 4269 ratione
578 4206 674 4268 modo
702 4206 762 4269 hoc
791 4206 886 4270 modo
914 4205 996 4269 illud
1017 4206 1151 4271 verbnm
1179 4203 1283 4268 solvat
1305 4203 1358 4267 vel
1376 4200 1553 4268 distrabat.

428 4297 553 4364 Certum
582 4303 726 4385 regulam
747 4322 789 4367 ne
811 4303 867 4368 ille
889 4303 1018 4385 quidem
1043 4301 1167 4369 invenit
1193 4300 1269 4379 (nisi
1290 4298 1377 4382 quod
1399 4322 1464 4363 οοο
1488 4318 1554 4364 non
