3575 5334
369 735 372 740 ,
419 676 481 738 276
936 677 1024 733 Cauer

419 849 612 933 composuit,
645 868 761 914 novam
795 848 886 914 finxit
915 848 1049 915 formam
1082 846 1217 929 ἐκδῦμεν
1250 867 1291 914 ex
1319 844 1542 929 *tadvipsv.”t

419 947 513 1013 huius
534 953 642 1013 autem
664 946 850 1013 recentioris
872 947 1049 1030 scripturae
1070 947 1167 1029 longe
1181 946 1278 1012 aliam
1294 964 1367 1011 esse
1388 946 1541 1011 rationem

419 1050 516 1125 atque
548 1045 797 1124 constrictionis,
833 1045 1030 1126 quaefacta
1062 1051 1113 1112 est
1140 1044 1174 1109 in
1202 1040 1396 1125 Πειραιεύς,
1431 1044 1544 1111 Weck-

418 1142 536 1208 leinius
557 1162 621 1208 non
646 1142 846 1209 intellexisse
867 1140 1005 1224 videtur,
1033 1142 1087 1223 qui
1109 1163 1140 1224 p.
1164 1144 1204 1207 53
1232 1140 1397 1225 utriusque
1419 1142 1544 1225 generis

362 1272 365 1275 ⁴
419 1240 570 1323 exempla
591 1239 706 1306 eodem
727 1239 869 1322 capitulo
891 1238 1144 1322 comprehendit.

504 1362 523 1399 v
545 1337 641 1419 igitur
662 1358 721 1420 pro
743 1362 777 1401 os
799 1337 920 1419 scripta
947 1342 1024 1402 ante
1044 1335 1212 1402 Euclidem
1239 1336 1273 1399 in
1302 1355 1366 1401 uno
1389 1338 1542 1402 vocabulo

419 1431 509 1510 υἱός
531 1440 653 1500 exstat:
688 1428 746 1519 ὑῆς
768 1439 819 1515 61,
844 1446 873 1495 14
895 1433 959 1510 (Ol.
981 1431 1033 1511 92,
1057 1432 1087 1509 4)
1113 1439 1146 1499 ct
1166 1428 1225 1509 ὑός
1247 1435 1319 1513 398,
1342 1446 1367 1515 4,
1392 1434 1447 1499 ubi
1470 1436 1542 1500 vitio

418 1530 580 1613 lapicidae
603 1528 713 1595 ΗΥΥΞ
736 1532 887 1615 scriptum
906 1538 964 1597 est.
994 1531 1138 1613 alioquin
1159 1531 1221 1597 hoc
1242 1532 1428 1613 exemplum
1452 1534 1543 1599 etiam

418 1627 518 1709 pluris
547 1628 784 1694 aestimandum
811 1634 861 1695 est
888 1632 1057 1712 quamdi,
1081 1640 1127 1711 14,
1155 1629 1307 1711 quoniam
1333 1629 1462 1695 titulum
1486 1633 1543 1695 398

419 1731 495 1790 ante
520 1725 567 1789 Ol.
583 1724 624 1787 84
647 1732 812 1792 exaratum
836 1744 907 1792 esse
929 1725 1023 1792 docet
1038 1725 1057 1789 Ξ
1072 1726 1187 1793 literae
1208 1725 1318 1809 ligura.
1340 1762 1384 1771 —
1406 1734 1543 1793 ceterum

419 1820 522 1887 iustae
544 1822 721 1906 scripturae
743 1820 814 1899 υἱός
836 1824 989 1905 exempla
1009 1844 1074 1907 non
1097 1823 1222 1904 desunt,
1245 1830 1280 1889 ut
1294 1826 1367 1906 374,
1383 1836 1409 1887 2.
1434 1827 1506 1904 397,
1520 1837 1542 1887 3.

505 1923 534 1983 3.
565 1919 847 2003 Assimulatic,
870 1939 954 2003 quae
975 1919 1010 1985 fit
1030 1921 1114 1987 inter
1131 1922 1261 1987 vocales
1281 1920 1316 1986 in
1338 1940 1403 1986 uno
1420 1921 1543 1987 eodem-

419 2033 481 2097 que
503 2016 660 2081 vooabulo
682 2016 856 2082 interiectis
877 2018 1130 2084 consonantibus
1151 2038 1186 2084 se
1208 2018 1415 2101 excipientes,
1439 2040 1542 2102 quam·

418 2132 513 2195 quam
536 2134 600 2178 non
624 2113 767 2179 eiusdem
789 2114 918 2198 generis
933 2122 982 2181 est
1003 2115 1091 2180 cuius
1114 2123 1230 2198 cetera,
1253 2134 1335 2197 quae
1357 2117 1420 2182 hoc
1442 2118 1543 2200 capite

418 2210 662 2293 comprehendi,
695 2217 806 2278 tamen
833 2230 938 2295 pauca
971 2213 1122 2296 exempla
1151 2213 1235 2295 eius,
1264 2215 1408 2297 quaein
1438 2214 1544 2281 inscri-

417 2307 581 2390 ptionibus
603 2308 716 2374 Atticis
739 2307 839 2391 digna
866 2315 1115 2375 commemoratu
1141 2311 1263 2394 reperi,
1292 2310 1354 2375 huc
1376 2311 1543 2378 referenda

406 2423 490 2470 vesse
513 2406 633 2488 putavi,
657 2406 777 2489 quippe
792 2424 875 2487 quae
890 2425 995 2488 neque
1017 2407 1170 2491 peculiari
1188 2408 1295 2490 aliquo
1318 2409 1425 2492 capite
1448 2410 1544 2493 digna

419 2508 528 2567 essent
554 2521 660 2585 neque
681 2524 811 2587 prorsus
833 2503 1043 2572 abhorrerent
1065 2506 1107 2570 ab
1136 2505 1199 2587 cis,
1229 2525 1312 2587 quae
1340 2506 1542 2572 antecedunt.

417 2598 660 2664 assimulatione
680 2600 777 2682 igitur
798 2607 868 2665 crta
890 2609 939 2666 cst
960 2600 1046 2683 prior
1067 2623 1086 2665 o
1108 2602 1231 2668 vocalis
1252 2604 1286 2667 in

501 2691 888 2780 Ἀλωποκοννήσιοι
911 2701 1003 2779 3741,
1026 2711 1064 2763 45.
1088 2702 1160 2779 234,
1177 2712 1217 2765 25.
1240 2704 1313 2784 266,
1330 2715 1355 2768 3.
1378 2738 1420 2749 -
1439 2699 1543 2767 Ἀλω-

419 2790 634 2879 πεκοννήσιοι
657 2796 729 2873 230,
751 2793 791 2857 8¹³.
814 2797 887 2874 236,
911 2797 963 2874 71,
985 2806 1009 2860 6.
1032 2799 1104 2878 242,
1126 2808 1150 2859 8.

503 2893 542 2952 Π
546 2887 774 2971 vesomanio,
799 2890 884 2972 quod
903 2892 965 2972 1Β,
981 2903 1009 2953 21
1030 2899 1146 2975 exstat,
1169 2894 1285 2959 iustam
1300 2894 1437 2962 formam
1452 2898 1544 2964 huius

418 2985 557 3053 nominis
586 2986 684 3053 fuisse
711 2995 743 3053 ct
771 2987 832 3053 hac
858 2987 944 3052 tituli
972 2990 1149 3072 pervetusti
1170 2992 1327 3074 scriptura
1351 2999 1384 3058 et
1407 2995 1543 3079 Lycurgi

417 3083 505 3167 apud
534 3083 667 3149 Suidam
700 3092 795 3167 atque
828 3085 981 3169 Hesychii
1013 3087 1204 3153 testimoniis
1237 3087 1459 3175 confirmatur,
1494 3095 1544 3177 qui

417 3179 603 3264 Πυακόψια
631 3181 774 3248 scribunt
802 3203 827 3248 s.
850 3202 880 3247 v.
925 3189 1028 3248 ortam
1056 3193 1162 3250 autem
1191 3203 1263 3252 csse
1291 3208 1309 3249 o
1339 3205 1382 3252 cx
1404 3211 1421 3253 ε
1442 3190 1543 3256 vocali

418 3296 459 3343 cx
487 3278 663 3361 veriloquio
692 3279 899 3362 intellegitur,
933 3280 1019 3361 quod
1050 3281 1137 3364 apud
1165 3281 1360 3366 Hesychium
1395 3286 1543 3353 traditum

419 3380 483 3440 est:
522 3370 609 3439 οὕτω
639 3374 676 3441 δὲ
703 3376 873 3460 κέκληνται
897 3369 916 3439 ὃ
936 3372 1003 3463 μήν
1025 3378 1079 3442 καὶ
1102 3372 1121 3462 ἡ
1145 3375 1241 3463 ἑορτή
1265 3376 1321 3444 doci
1343 3380 1382 3445 τὸ
1411 3376 1543 3468 ἆθάρακ

419 3467 525 3551 dueta,
550 3468 571 3534 ἃ
593 3470 740 3538 καλοῦσι
754 3470 873 3537 πύκνα.
910 3480 942 3540 et
962 3474 1203 3543 assimulatione
1225 3498 1243 3540 o
1266 3495 1307 3543 ex
1329 3503 1346 3544 ε
1369 3478 1439 3547 fieri
1460 3481 1544 3548 iacil-

417 3565 494 3633 lime
517 3569 620 3652 potuit
634 3570 668 3634 in
683 3588 721 3635 eo
736 3571 904 3653 vocabulo,
927 3571 961 3636 in
982 3591 1044 3654 quo
1060 3595 1076 3636 ε
1091 3593 1196 3656 paene
1216 3577 1400 3643 necessario
1423 3579 1542 3645 surdio

419 3683 486 3731 rem
508 3664 670 3746 quendam
692 3687 805 3733 sonum
827 3688 848 3733 a
869 3666 1015 3746 finitimis
1036 3670 1202 3737 vocalibus
1222 3673 1392 3755 acciperet.

504 3765 722 3844 Μουκιχκα
744 3768 829 3842 (215,
851 3776 876 3827 o.
899 3766 991 3849 asaf,
1016 3770 1056 3845 e)
1079 3766 1130 3834 ms
1153 3769 1310 3853 exemplis
1331 3760 1543 3843 annumeran-

419 3856 495 3922 dum
518 3877 589 3924 esse
611 3857 746 3926 sortasse
768 3861 885 3944 aliquis
907 3870 1008 3946 putat.
1045 3863 1104 3929 sed
1126 3865 1160 3929 in
1181 3865 1242 3931 hoc
1264 3870 1424 3937 vocabulo
1448 3896 1462 3937 ι
1482 3892 1542 3938 non

419 3962 548 4039 propter
569 3955 810 4023 similitudinem
833 3960 982 4043 syllabae
1003 3961 1210 4046 insequentis,
1233 3963 1291 4030 sed
1313 3968 1494 4051 antiquitus
1514 3975 1543 4037 et

487 4175 521 4243 2³)
538 4178 595 4233 dixi
611 4177 644 4232 de
661 4177 707 4233 illo
724 4178 793 4245 loco,
812 4179 845 4235 de
863 4196 917 4249 quo
931 4180 977 4235 olii
991 4182 1250 4251 aliter-iudicarunt,
1268 4185 1297 4240 in
1315 4188 1539 4257 „Quaesdonious

419 4255 453 4310 de
469 4258 656 4327 pronominum
673 4260 855 4328 personalium
872 4261 965 4316 formis
983 4266 1010 4317 et
1027 4280 1080 4320 usu
1093 4265 1264 4333 Homerico“,
1280 4266 1359 4323 Stnd.
1370 4269 1432 4339 VII,
1448 4288 1478 4341 p.·
1489 4276 1539 4325 ill.
