3575 5334
386 708 446 771 182
880 706 1020 761 Merzdorf

383 880 503 947 νάουσι
528 886 559 943 Φ
583 882 659 961 196,
693 876 887 944 ναιετάουσι
913 883 946 943 Δ
966 883 1022 960 45,
1058 875 1222 944 ναιετάων
1249 878 1368 963 ζ245,
1401 884 1513 962 0255,

384 972 533 1043 ἀοιδιάει
563 980 663 1041 κ227
696 983 837 1058 exstent,
868 977 951 1043 tales
979 977 1102 1042 formae
1128 977 1162 1041 in
1185 975 1324 1043 dialecto
1347 978 1515 1043 ueoioniea

383 1084 418 1145 et
453 1075 629 1143 herodotea
660 1094 724 1139 non
761 1074 936 1155 habentur,
974 1074 1033 1140 sed
1070 1093 1179 1140 earum
1210 1074 1246 1139 in
1277 1076 1382 1139 locum
1415 1080 1514 1160 γέρεα

384 1181 490 1261 κρεῶν
528 1177 623 1259 νικᾷς
657 1171 765 1257 τολμᾷ
802 1178 978 1257 προτιμῶν
1018 1165 1126 1256 ὁρῶσι
1167 1172 1239 1238 sim.
1277 1179 1512 1256 succeserunt,

383 1274 475 1356 eujus
496 1272 557 1353 rei,
588 1278 622 1335 ut
650 1269 798 1335 omnibus
824 1276 934 1334 notum
958 1274 1022 1349 cst,
1054 1289 1096 1336 ne
1124 1269 1287 1336 homerica
1309 1270 1439 1353 quidem
1463 1270 1515 1337 de·

353 1377 356 1381 ’
382 1376 459 1438 sunt
482 1369 643 1451 exempla.
1504 1414 1508 1420 -

469 1468 579 1532 Pauca
612 1471 718 1530 autern
752 1463 793 1530 de
822 1487 843 1527 α
873 1463 930 1529 illo
964 1464 997 1528 in
1028 1488 1043 1528 ε
1074 1470 1240 1530 attenuato
1273 1465 1514 1548 praemonenda

382 1572 467 1633 sunt.
504 1563 654 1644 Plerique
675 1561 786 1646 populi
808 1561 1061 1644 indogermanici
1086 1583 1105 1623 ο
1127 1560 1286 1627 difficilius
1307 1564 1514 1644 pronuntiatu

384 1664 418 1727 in
442 1683 459 1723 e
481 1660 647 1727 commodo
670 1680 728 1725 suo
751 1665 928 1741 mutarunt,
958 1666 993 1723 ut
1015 1658 1123 1723 mirari
1146 1680 1212 1723 non
1234 1659 1395 1742 possimus
1418 1662 1513 1727 etiam

384 1761 418 1826 in
440 1760 551 1841 lingua
578 1777 695 1841 graeca
718 1778 735 1818 e
756 1759 860 1839 magis
890 1756 1055 1839 magisque
1082 1775 1219 1840 regnare
1248 1756 1394 1839 coepisse
1422 1759 1513 1823 etin

382 1857 519 1939 singulis
543 1855 704 1936 dialectis,
735 1856 767 1919 in
790 1854 905 1937 quibus
928 1854 1025 1919 etiam
1048 1853 1205 1920 dialectos
1226 1854 1332 1920 ionica
1352 1855 1514 1922 numerari

384 1953 499 2034 debet,
528 1953 650 2035 priores
671 1951 751 2019 fines
773 1953 870 2035 longe
893 1953 1080 2018 excessisse.
1125 1952 1242 2031 Quaeri
1265 1960 1374 2018 amen
1397 1958 1513 2037 potest,

385 2049 544 2135 quomodo
568 2074 583 2114 ε
606 2050 641 2115 in
665 2054 782 2133 κέρεος
805 2052 899 2132 κέρεϊ
921 2054 1022 2132 κέρεα
1045 2049 1132 2114 etin
1154 2044 1242 2132 ὁρέιο
1267 2046 1378 2135 ὁρμέω
1403 2047 1512 2136 ἅρτέω

384 2149 455 2215 sim.
485 2145 712 2232 explicandum
748 2145 804 2226 sit,
839 2150 944 2209 utrum
976 2150 1093 2229 κέρεος
1123 2165 1164 2212 ex
1193 2152 1315 2231 κέραος
1344 2152 1445 2234 κέρεα
1473 2167 1513 2213 ex

384 2252 490 2330 κέραιε
520 2242 628 2329 ἀρτέω
662 2265 703 2310 ex
736 2238 850 2327 ἇρτάω
881 2237 969 2325 ὁρέω
999 2262 1040 2307 ex
1073 2236 1165 2327 ὁρόω
1199 2250 1329 2327 propter
1362 2265 1513 2311 sonorum

384 2343 564 2409 molestiam
598 2349 668 2407 orta
700 2340 764 2406 sint
796 2360 837 2403 an
872 2344 990 2422 κέρεος
1026 2340 1210 2422 analogiam
1248 2361 1361 2406 vocum
1397 2348 1512 2424 γένεος

385 2440 488 2517 ἐἰτεος
520 2442 563 2505 al.
598 2439 638 2505 sit
671 2445 829 2519 secutum,
873 2432 961 2521 ὁρέω
1001 2432 1109 2519 ἀρτέω
1145 2444 1252 2503 autem
1286 2438 1415 2504 omnino
1448 2462 1512 2506 non

384 2538 491 2604 verbis
513 2537 547 2602 in
571 2561 636 2614 αω,
666 2536 725 2601 sed
754 2536 787 2600 in
816 2559 861 2600 εω
884 2534 1076 2600 exeuntibus
1104 2534 1168 2600 sint
1190 2535 1404 2602 attribuenda.
1449 2539 1513 2603 Res

383 2656 449 2699 non
472 2635 518 2699 ita
539 2632 642 2698 facilis
665 2639 729 2716 est,
759 2652 843 2714 quae
864 2632 906 2698 ad
929 2632 1086 2713 liquidum
1109 2633 1311 2717 perducatur,
1341 2654 1448 2717 neque
1470 2636 1512 2701 ad

383 2752 481 2796 unam
505 2730 612 2796 omnia
635 2730 804 2813 dijudicari
826 2749 922 2814 posse
944 2731 1089 2813 regulam
1112 2731 1306 2797 credendum
1330 2740 1388 2799 est.

470 2830 519 2894 De
540 2828 693 2913 stirpibus
710 2828 744 2892 in
759 2851 818 2904 -ας
832 2851 886 2904 -ες
902 2829 1001 2893 attica
1022 2828 1179 2895 dialectus
1201 2831 1302 2894 multa
1324 2851 1383 2896 nos
1408 2830 1512 2913 docet,

382 2927 417 2992 in
440 2947 504 3009 qua
526 2926 742 3016 contractione
764 2926 849 2991 faeta
872 2930 979 3009 κρέως
1001 2923 1114 3012 γήρως
1136 2932 1261 3008 κέρως,
1290 2928 1347 2994 sed
1370 2933 1512 3014 βρέτονς

351 3109 356 3117 .
382 3028 498 3108 βρέτει
525 3028 628 3110 βρέτη
659 3023 756 3107 (apud
784 3024 993 3109 Aeschylum)
1021 3045 1080 3090 usu
1108 3026 1270 3091 veniebat.
1314 3026 1424 3105 Quid?
1459 3047 1513 3092 cur

382 3143 448 3195 non
469 3126 599 3206 βρέτεος
612 3125 718 3207 βρέτᾳ
732 3120 861 3206 βρέταῗ
895 3123 980 3186 Num
1003 3121 1083 3188 haec
1106 3123 1262 3190 dialectus
1286 3125 1513 3191 contractionis

381 3219 604 3286 amantissima
625 3219 659 3282 in
684 3219 730 3284 eis
754 3218 885 3284 vocibus
908 3243 949 3283 αο
973 3242 1017 3283 αα
1039 3219 1135 3285 modo
1157 3222 1379 3304 contrahebat,
1405 3222 1511 3305 modo,

381 3317 417 3383 id
438 3316 525 3399 quod
547 3317 589 3381 ab
613 3316 683 3399 ejus
705 3336 793 3383 more
819 3317 960 3382 alienum
991 3324 1055 3400 est,
1084 3341 1106 3382 α
1128 3319 1162 3383 in
1185 3343 1200 3383 ε
1224 3320 1370 3385 mutabat
1391 3327 1425 3386 et
1446 3327 1512 3386 tum

383 3413 510 3479 demum
544 3414 778 3480 contrahebat?
822 3414 884 3479 Vix
917 3413 1061 3498 credam,
1098 3416 1156 3482 sed
1190 3416 1338 3483 existimo
1366 3418 1438 3500 jam
1471 3419 1511 3484 ab

381 3510 473 3575 initio
506 3509 622 3592 stirpes
653 3510 686 3573 in
714 3533 744 3572 -s
772 3517 928 3577 exeuntes
961 3513 1121 3579 unissime
1149 3515 1350 3597 cognationis
1383 3518 1511 3582 vinculo

333 3694 336 3698 Ι
381 3607 466 3672 inter
488 3625 523 3672 se
545 3606 733 3689 conjunctas
756 3608 789 3673 in
812 3608 981 3676 retinendo
1004 3617 1036 3675 et
1058 3608 1311 3693 derelinquendo
1333 3614 1470 3696 pristino
1492 3635 1511 3677 α

382 3704 542 3795 variasse,
573 3705 672 3770 etita
694 3704 838 3790 quidem,
871 3713 907 3771 ut
930 3706 1000 3789 jarn
1022 3707 1154 3789 antiquo
1177 3715 1320 3793 tempore
1342 3708 1511 3796 *κέρεοος

381 3806 510 3886 practer
537 3797 723 3886 *κέρατος
752 3800 901 3888 *γέρεσα
926 3803 1021 3887 juxta
1048 3804 1202 3888 *yr'paoo
1225 3814 1310 3875 stare
1338 3811 1512 3892 potuerint.

380 3898 574 3980 Plerumque
596 3918 647 3965 res
669 3900 714 3965 ita
737 3901 952 3983 dehabebat,
981 3908 1017 3967 ut
1041 3903 1231 3969 nominativi
1253 3905 1382 3987 quidem
1405 3909 1509 3974 locum

381 3995 544 4079 antiquius
570 4018 622 4059 -ar
643 3997 817 4080 obtineret,
846 4006 1022 4065 ceterorum
1052 4007 1159 4067 autem
1188 4021 1318 4069 casuum
1346 4005 1430 4070 ratio
1461 4025 1512 4072 ea-

381 4092 454 4159 dem
492 4101 577 4161 esset
613 4100 710 4177 atque
745 4095 972 4191 vocabulorum
1009 4098 1042 4163 in
1074 4120 1146 4182 -ος;
1184 4119 1375 4183 quamquam
1413 4103 1510 4186 igitur

381 4191 572 4257 nominativi
598 4196 722 4275 βρέτας
752 4192 854 4269 οὖδας
882 4213 942 4259 usu
964 4196 1114 4278 veniunt,
1143 4204 1252 4263 tannen
1281 4203 1423 4282 βρέτεος
1453 4196 1509 4266 οὕ-

383 4284 477 4365 ὁεος,
506 4289 627 4353 formae
649 4289 741 4365 unice
763 4297 951 4374 usurpatae,
977 4312 1017 4358 ex
1038 4298 1182 4379 βρέταος
1206 4290 1328 4372 οὸὁαος
1350 4298 1508 4379 prodiisse
