3575 5334
433 684 474 745 96
947 690 1048 744 Clcmm

520 863 551 939 2)
588 856 753 946 ἀτενής,

433 978 519 1061 quod
540 985 665 1054 ueteres
686 978 911 1060 grammaticos
932 986 1058 1046 secutus
1073 980 1289 1046 Buttmannus
1309 1000 1444 1063 gram.
1461 980 1554 1065 ampl.

433 1077 465 1140 ll
489 1079 550 1142 358
572 1076 655 1141 inter
676 1074 854 1141 certissima
875 1077 975 1159 alpha
995 1076 1147 1143 intensivi
1170 1078 1321 1162 exempla
1342 1076 1465 1143 rettulit
1493 1098 1554 1142 non

431 1174 533 1241 solum
557 1172 644 1257 apud
671 1177 785 1257 poetas
807 1172 865 1239 sed
893 1175 990 1239 etiam
1013 1174 1101 1258 apud
1127 1193 1182 1241 eos
1209 1176 1263 1258 qui
1284 1176 1392 1241 soluta
1413 1175 1554 1241 oratione

431 1271 636 1354 scripserunt,
666 1270 792 1336 Similia
814 1271 1012 1353 Kruegerum
1036 1273 1151 1339 docere
1173 1292 1271 1356 snpra
1292 1270 1444 1353 vidimus,
1467 1272 1554 1336 mira,

431 1368 546 1433 biliora
575 1368 764 1435 Hennickeo
792 1370 982 1453 placuerunt
1010 1369 1063 1451 qui
1078 1365 1212 1456 ἀτενής
1239 1388 1310 1434 cum
1332 1370 1434 1454 alpha
1454 1370 1554 1455 priva·

431 1466 497 1530 tivo
520 1467 727 1548 compositum
751 1484 822 1531 esse
844 1467 1022 1548 existimat,
1045 1473 1079 1531 ut
1101 1467 1142 1532 sit
1163 1467 1216 1548 qui
1239 1487 1300 1531 non
1324 1465 1473 1549 dirigitur
1493 1466 1553 1531 alio

431 1569 528 1643 atque
550 1581 611 1643 quo
633 1563 674 1626 ab
696 1562 788 1627 initio
812 1563 975 1629 tendebat.
1018 1563 1110 1641 Quae
1131 1583 1202 1627 cum
1224 1563 1270 1627 ita
1290 1563 1363 1645 sint,
1387 1583 1460 1629 cum
1483 1572 1553 1629 anto

431 1659 609 1742 simplicem
638 1679 812 1723 consonam
841 1661 1041 1744 explosivam
1070 1680 1114 1726 ne
1142 1662 1182 1727 de
1214 1662 1394 1746 prothetica
1428 1660 1552 1744 quidem

431 1756 535 1821 vocali
559 1756 690 1838 cogitari
713 1758 821 1839 possit,
845 1758 926 1822 nihil
948 1759 1105 1840 reliquum
1128 1778 1199 1825 esse
1221 1758 1316 1823 uideo
1337 1757 1400 1824 nisi
1424 1768 1459 1824 nt
1480 1755 1553 1824 ἀτε-

431 1850 492 1942 νής
521 1873 577 1936 pro
608 1849 763 1940 ἀν-τενής
793 1874 864 1920 esse
887 1854 994 1920 Curtio
1023 1855 1252 1942 concedamus:
1289 1855 1453 1939 intentus,
1480 1863 1553 1922 stre·

430 1970 522 2015 nnus.
573 1951 725 2016 Passovio
758 1954 931 2016 assentirer
962 1953 1062 2036 alpha
1091 1953 1308 2036 copulativam
1342 1972 1430 2036 esse,
1464 1955 1492 2019 si
1522 1952 1553 2017 id

431 2049 545 2115 melius
566 2046 609 2113 ad
637 2067 765 2114 sensum
789 2048 978 2132 quadraret,
1007 2049 1065 2115 sed
1091 2050 1226 2116 fortasse
1248 2047 1388 2127 ἇ-ταλός
1417 2072 1477 2134 pro
1499 2047 1554 2115 ἀν-

430 2143 548 2222 ταλό-ς
575 2150 707 2222 „tener“
730 2147 914 2228 analogiam
938 2148 1072 2230 praebet
1093 2148 1219 2213 collatis
1241 2147 1406 2213 vocabulis
1429 2148 1554 2215 Sanscr.

380 2246 384 2257 '
430 2244 569 2305 tutona-s
597 2252 697 2325 tener,
726 2253 864 2321 toronus,
895 2244 1007 2309 Graec.
1034 2250 1142 2330 τέρην,
1172 2244 1254 2309 aliis.
1304 2243 1352 2309 Of.
1378 2243 1466 2310 Curt.
1489 2246 1511 2309 l.
1533 2246 1554 2309 l.

432 2345 509 2419 222,
539 2342 676 2421 Pettius,
707 2340 769 2405 lex.
793 2339 861 2405 rad.
886 2341 928 2421 ll,
954 2346 987 2422 1,
1012 2344 1083 2405 297.
1128 2340 1297 2407 Difficilius
1319 2346 1368 2406 est
1390 2340 1434 2405 ad
1458 2342 1559 2426 expli·

430 2437 567 2503 candum

517 2542 761 2630 3ldoclyde

431 2671 481 2735 Et.
506 2669 547 2731 M.
573 2672 643 2748 152,
667 2672 706 2731 lc
740 2663 900 2754 ἀσελγής·
935 2667 1028 2751 παρὰ
1061 2669 1099 2733 τὸ
1133 2671 1246 2753 θέλγω
1275 2667 1313 2733 τὸ
1347 2664 1470 2733 duaco]
1501 2671 1554 2733 acl

432 2764 584 2843 σκοτίζω,
608 2762 752 2851 Satyris·
775 2768 831 2831 acl
847 2765 935 2848 μετὰ
948 2773 1008 2831 τοῦ
1023 2762 1045 2829 ἆ
1061 2764 1316 2832 insecuturi
1331 2762 1484 2851 ἄθελγής
1500 2768 1555 2831 καὶ

430 2860 591 2949 ἀσελγής,
623 2858 640 2925 ὁ
672 2858 857 2949 εὖπάτητος
888 2864 944 2927 καὶ
974 2862 1146 2940 σκοτεινὸς
1169 2860 1254 2927 κατὰ
1275 2861 1334 2926 τὸν
1357 2869 1446 2927 νοῦν.
1492 2863 1553 2927 Alii

430 2962 491 3025 hoc
518 2960 709 3024 vocabulum
739 2961 823 3041 quod
858 2980 957 3043 saepe
984 2960 1071 3043 apud
1101 2966 1244 3026 oratores
1271 2960 1473 3045 potissimum
1502 2955 1568 3025 At?

430 3060 509 3123 ticos
538 3057 655 3138 legitur
683 3057 839 3141 aSelga,
870 3060 949 3123 urbe
970 3057 1111 3123 Pisidiae
1132 3062 1365 3142 repetiverunt,
1393 3058 1468 3123 aliis
1491 3058 1555 3123 alia

430 3155 463 3220 in
499 3165 639 3224 mentem
675 3163 832 3223 venerunt
869 3174 952 3238 quae
988 3154 1103 3220 taedet
1140 3174 1397 3221 commemorare.
1455 3156 1554 3221 Nobis

430 3250 573 3341 ἀσελγής
602 3258 774 3339 superbus,
804 3273 940 3337 procax,
970 3249 1160 3318 libidinosus
1188 3272 1247 3336 pro
1270 3248 1470 3339 ἆν-σελγ-ής
1494 3252 1554 3319 dici

428 3351 565 3433 videtur,
582 3353 679 3443 ,cujus
701 3352 847 3417 vocabuli
871 3351 899 3416 si
921 3349 1015 3414 radix
1033 3355 1082 3413 est
1095 3350 1165 3411 scol
1185 3350 1239 3414 Gr.
1256 3348 1315 3414 σελ
1338 3348 1389 3414 (cf.
1407 3349 1552 3427 σάλ-ο-ς,

431 3445 526 3533 σάλη,
550 3447 661 3526 σάλος,
686 3447 825 3527 σαλεύει),
850 3450 920 3513 Lat.
935 3448 1043 3523 culum,
1066 3445 1173 3510 Germ.
1195 3447 1343 3523 amellam),
1365 3447 1553 3529 significatio

431 3546 550 3627 optime
586 3545 779 3628 explicatur:
818 3546 1051 3624 intumescens,
1087 3542 1243 3625 tumidus,
1280 3544 1456 3627 superbus,
1497 3551 1552 3611 cet.

429 3640 605 3706 Descendit
642 3648 749 3707 autem
786 3638 931 3726 ἀσελγής
967 3642 1009 3704 ab
1045 3640 1159 3705 cadem
1196 3636 1303 3704 radice
1340 3640 1552 3708 determinata

430 3757 512 3821 quae
533 3738 643 3806 subest
665 3739 808 3821 cognatis
830 3739 996 3804 vocabulis
1012 3735 1151 3822 colayp',
1174 3736 1327 3818 σαλαγέω
1350 3740 1459 3805 vocali
1480 3741 1553 3805 irra-

429 3835 541 3900 tionali
570 3837 705 3916 inserta,
737 3855 807 3901 cum
836 3843 965 3901 tenuem
994 3854 1167 3900 consonam
1197 3832 1479 3902 determinativum
1503 3858 1553 3903 ex-

393 3996 396 4002 .
429 3933 564 3997 hibeant
590 3931 710 4013 σάλαξ,
746 3930 905 3997 σαλάσσω
942 3937 973 3996 et
1001 3931 1095 3996 simili
1125 3928 1359 4013 significatione
1388 3933 1552 3999 σαλάκων.

424 4021 499 4094 'Huc
521 4031 681 4113 pertinere
702 4029 828 4095 videtur
853 4029 950 4093 etiam

514 4144 545 4213 4)
583 4135 631 4203 ἆκ
667 4164 688 4203 c
750 4145 802 4204 da

430 4249 479 4312 Et.
490 4250 530 4313 M.
544 4252 593 4329 52,
609 4165 658 4313 139
669 4162 826 4325 digerite,
841 4245 999 4328 χαλεπὸν,
1016 4246 1181 4329 ὁυςχερὲς,
1199 4247 1353 4332 σκληρὸν,
1370 4247 1553 4340 αὐστηρόν
