3575 5334
668 664 701 719 de
718 664 800 733 alpha
816 630 972 720 intensive.⁴
1330 668 1373 729 49

243 854 389 910 ταοιν,
413 830 460 898 ἵν’
484 823 504 920 ᾗ
528 828 605 919 ὁμὴ
629 835 714 899 τλῶν
738 836 799 899 καὶ
816 832 942 922 ἀνάγκῃ
967 844 1086 917 ποιῶν,
1109 834 1184 903 ἀλλ’
1209 838 1375 919 ἑκουσίως

244 927 364 1014 φέρων
389 934 446 996 καὶ
469 929 507 996 οὗ
530 930 615 996 κατὰ
637 930 785 997 κόλασιν.
830 933 923 998 Hom.
945 958 966 998 α
990 938 1046 998 52:

331 1062 555 1143 Ἄτλαντος
577 1064 730 1154 θυγάτηρ
753 1064 972 1153 ὀλοόφρονος,
996 1066 1075 1135 ὅστε
1098 1070 1277 1159 θαλάσσης

336 1162 451 1249 πάσης
473 1163 604 1247 βένθεα
627 1158 729 1243 οἶδεν,
753 1163 821 1244 ’ἔχει
845 1163 880 1230 δέ
905 1192 940 1232 τε
964 1172 1079 1244 κίονας
1102 1165 1203 1245 αὐτὸς

336 1258 477 1344 μακράς,
503 1264 540 1325 αἳ
560 1260 658 1344 γαῖάν
680 1285 716 1327 τε
738 1264 794 1327 καὶ
817 1259 959 1345 οὐρανὸν
982 1256 1089 1349 ἀμφὶς
1112 1263 1255 1345 ἔχουσιν.

243 1402 281 1462 et
306 1396 382 1462 Hes.
404 1396 509 1479 theog.
534 1399 574 1461 58

338 1669 387 1732 Ex
415 1667 465 1732 his
492 1667 638 1733 versibus
660 1687 852 1733 summorum
879 1676 1045 1750 poetarum
1067 1688 1137 1733 cum
1160 1669 1299 1735 nominis
1321 1689 1376 1735 ex·

243 1764 381 1848 plicatio
410 1766 501 1845 quasi
529 1766 611 1829 ultro
637 1771 831 1843 occurreret,
856 1764 926 1846 jam
949 1762 1128 1832 Odoiredus
1150 1767 1303 1833 Millerus
1327 1786 1375 1832 se·

245 1862 390 1927 cundum
412 1868 555 1927 veterum
577 1863 854 1944 grammaticorum
877 1862 1173 1944 interpretationem
1195 1862 1229 1928 id
1251 1871 1375 1930 rectea
1471 1941 1474 1946 ,

245 1958 361 2024 radice
387 1958 449 2022 ταλ
478 1958 529 2035 (oi.
551 1959 678 2043 τλῆναι)
709 1958 868 2024 derivavit
896 1959 995 2041 alpha
1020 1965 1128 2026 tamen
1152 1980 1223 2027 esse
1244 1961 1376 2026 intensi-

247 2076 326 2120 vum
349 2054 521 2121 affirmans.
559 2054 685 2120 Curtius
709 2075 792 2120 nunc
814 2055 979 2137 prothesin
1002 2058 1155 2138 agnoscit,
1183 2078 1375 2140 quamquam

248 2152 340 2218 lraud
369 2152 605 2219 contemnenda
632 2152 711 2216 mihi
741 2152 927 2218 Doederlini
955 2154 1129 2235 explicatio
1155 2154 1281 2218 videtur
1310 2155 1374 2237 qui,

250 2270 323 2316 cum
354 2248 394 2315 de
423 2250 511 2333 alph.
534 2250 591 2313 int.
614 2252 655 2313 20
685 2248 878 2329 dubitasset,
912 2255 1016 2314 utrum
1048 2250 1148 2333 alpha
1180 2251 1375 2316 intensivum

250 2368 294 2413 an
316 2347 531 2429 euphonicum
558 2365 628 2412 esse
653 2346 829 2428 judicaret,
864 2352 977 2429 postea
1004 2346 1376 2428 gloss.Hom.111276

244 2440 368 2521 Ἄτλας
404 2464 423 2509 e
455 2443 557 2508 forma
596 2438 740 2519 ἀνάτλας
780 2442 913 2509 deduxit
952 2443 1100 2508 nimirum
1139 2464 1197 2528 per
1236 2444 1375 2509 mediam

251 2540 416 2627 quandam
431 2540 563 2605 sormam
579 2536 709 2616 ἄντλος.
733 2539 887 2605 Concedit
905 2546 1011 2606 autem
1024 2536 1142 2618 Ἄτλας
1157 2562 1223 2606 non
1238 2548 1303 2606 tam
1319 2540 1377 2605 im·
1474 2605 1493 2618 s

250 2641 426 2724 patientem
448 2638 592 2702 laborum
608 2637 738 2702 heroem
754 2659 848 2720 quam
872 2640 1008 2704 ferocem
1032 2658 1103 2704 esse
1123 2658 1228 2721 posse,
1252 2660 1315 2722 qua
1330 2639 1378 2703 in-

251 2736 481 2820 terpretatione
503 2735 611 2799 nescio
633 2755 675 2799 an
691 2736 899 2802 Hennickeus
913 2737 946 2799 in
971 2756 1042 2800 eum
1065 2755 1203 2801 errorem
1226 2736 1376 2810 inductus

251 2836 343 2900 silut
358 2833 458 2915 alpha
479 2851 536 2915 pro
551 2832 702 2913 negativo
725 2831 866 2916 praefixo
888 2833 1032 2899 haberet.
1052 2828 1170 2910 Ἄτλας
1194 2834 1278 2898 enim
1302 2834 1331 2899 ei
1348 2834 1377 2899 is

251 2937 301 2997 est
329 2929 384 3013 qui
413 2928 521 2994 animo
542 2928 643 2993 invito
666 2949 770 3013 neque
792 2931 838 2995 ita
866 2931 986 2995 malum
1014 2930 1075 2995 fert
1104 2937 1138 2995 ut
1164 2950 1230 2995 non
1254 2937 1379 3014 pertur-

249 3030 345 3093 betur
373 3025 432 3092 sed
460 3031 495 3090 ut
522 3045 588 3090 rem
618 3025 788 3092 adversam
817 3033 1001 3093 constanter
1036 3035 1068 3091 et
1100 3027 1260 3111 patienter
1286 3027 1380 3092 susti·

247 3131 338 3192 neat.
383 3123 451 3187 Nos
473 3122 505 3186 in
528 3122 633 3205 priore
655 3123 869 3207 explicatione
890 3124 1130 3206 acquiescimus.
1168 3123 1250 3187 Huic
1272 3142 1379 3188 exem·

246 3224 305 3307 plo
325 3219 548 3303 subjungimus

339 3342 371 3416 7)
409 3334 539 3421 ἀτμήν

241 3478 373 3526 servus
398 3457 448 3520 nt.
473 3456 514 3519 Μ.
541 3459 611 3535 164,
635 3458 675 3520 34
705 3449 811 3543 ἆτμήν
834 3452 995 3538 ἆτμένος,
1025 3450 1041 3519 r‘
1068 3453 1281 3531 δοῦλος...
1305 3450 1378 3519 οἷον

241 3552 268 3621 ὁ
294 3552 432 3635 ἄτιμος·
462 3546 484 3637 ἢ
507 3549 719 3638 ττολύτμητός
748 3577 800 3630 τις
823 3547 869 3618 ὢν
892 3547 958 3618 ὑπὸ
985 3558 1051 3616 τῶν
1078 3556 1250 3636 μαστίγων
1272 3558 1332 3617 τοῦ
1355 3576 1379 3615 α

239 3653 522 3721 «ἐπιτατικοῦ.
572 3648 656 3727 Quia
683 3650 717 3714 in
752 3651 801 3714 nt.
836 3652 876 3715 M.
911 3654 965 3732 18,
990 3654 1027 3714 31
1064 3644 1260 3729 ἆόμενίδες·
1301 3648 1380 3713 δοῦ·

235 3753 307 3815 lar
346 3748 479 3830 legitur,
520 3746 715 3812 Doederlino
755 3747 969 3814 Schneiderus
1010 3746 1170 3829 persuasit
1209 3753 1380 3828 utrumque

239 3846 446 3912 vocabulum
469 3863 540 3908 cum
562 3864 741 3928 synonymo
765 3843 857 3926 δμώς
877 3866 898 3909 a
913 3844 1012 3910 verbo
1036 3842 1182 3928 δαμῆναι
1204 3862 1276 3909 esse
1298 3843 1380 3909 deri-

244 3942 407 4009 vandum.
458 3940 527 4006 Hoc
556 3940 693 4023 quadrat
719 3942 761 4007 ad
792 3939 884 4023 ὄμώς
913 3949 946 4008 et
974 3937 1153 4020 ἄόμενὶὁες
1187 3940 1239 4017 (cf.
1268 3936 1380 4023 ἀδμής

249 4037 453 4124 παρθένοςλ,
476 4060 541 4104 non
565 4037 650 4103 cadit
671 4038 705 4103 in
728 4032 846 4124 ἂτμήν,
869 4039 954 4121 quod
977 4037 1167 4102 Heunickeo
1189 4038 1231 4101 ab
1253 4030 1303 4097 dior
1326 4034 1380 4109 (cf.

245 4133 370 4218 ἀτμίς,
400 4132 522 4217 ἀτμός,
552 4131 651 4221 ἆτμή)
688 4135 884 4203 descendere
912 4135 1053 4213 videtur,
1087 4135 1163 4214 quia
1189 4131 1273 4197 servi
1309 4125 1380 4199 (ἆτ-

250 4233 366 4311 alvear
403 4232 560 4298 mandata
598 4239 811 4315 exsequentes
850 4233 1014 4298 anhelent.
1069 4226 1187 4294 Omnia
1226 4224 1380 4308 explicari

307 4334 415 4383 θοοτιοο,
430 4332 524 4374 Studien
538 4332 595 4374 VIIL
1159 4331 1176 4379 4
