3575 5334
648 695 681 750 de
699 696 813 751 dialecto
831 696 985 752 herodotea.
1190 714 1198 729 ·
1317 702 1379 763 147

252 887 320 933 rem
343 868 434 932 illam
457 868 651 935 sententiam
674 869 788 935 salsam
805 889 876 936 esse
891 876 924 935 et
937 890 979 935 ne
994 871 1036 935 ad
1057 872 1229 955 scriptores
1251 876 1381 958 quidem

253 965 414 1049 quadrare
435 965 606 1047 existimat,
630 972 747 1049 tamen,
773 967 849 1049 quid
870 968 904 1031 in
928 969 988 1033 hac
1009 969 1197 1051 scriptorum
1220 980 1252 1038 et
1273 973 1380 1039 titulo-

253 1085 322 1128 rum
345 1064 430 1128 inter
452 1083 487 1131 se
509 1062 711 1131 dissensione
732 1064 937 1130 statuendum
958 1065 1010 1145 sit,
1033 1086 1097 1129 non
1122 1066 1207 1132 dicit.
1238 1071 1288 1134 Ex
1308 1071 1382 1154 ejus

253 1161 363 1226 verbis
394 1160 429 1226 id
460 1167 583 1226 tantum
621 1161 747 1227 elucere
778 1160 905 1227 videtur
934 1163 1057 1245 majore
1084 1164 1158 1246 jure
1190 1167 1379 1250 scriptorum

253 1258 425 1343 lectionem
450 1278 468 1323 e
489 1257 590 1324 titulis
615 1259 728 1341 corrigi
758 1280 852 1342 quarn
882 1260 994 1324 horum
1023 1262 1196 1346 scripturas
1223 1284 1283 1346 pro
1305 1264 1380 1329 scri·

254 1363 380 1440 ptorum
403 1356 527 1421 ratione
549 1375 615 1420 uon
637 1376 713 1423 vere
734 1356 855 1422 ionicae
878 1357 1180 1443 existimariposse.
1209 1360 1274 1427 Sed
1296 1379 1381 1444 quac

255 1454 334 1520 haec
357 1460 444 1519 esset
465 1452 615 1534 audacia,
645 1462 680 1518 ut
702 1453 743 1519 de
764 1455 869 1537 poetis
890 1461 1031 1539 taceam,
1054 1456 1237 1523 innumeros
1260 1458 1380 1543 Hippo-

255 1552 350 1618 cratis
373 1549 527 1616 Herodoti
554 1551 689 1616 aliorum
718 1553 805 1618 locos
832 1560 1004 1636 propterea
1032 1560 1171 1637 mutare,
1198 1558 1285 1637 quod
1314 1576 1380 1620 nou

255 1649 362 1733 plures
396 1668 491 1729 quam
528 1656 675 1730 quattuor
711 1649 762 1713 rel
797 1652 937 1733 quinque
969 1650 1090 1716 formae
1127 1658 1309 1718 contractae
1345 1653 1381 1717 in

254 1746 354 1812 titulis
382 1746 546 1828 leguntur!
583 1744 693 1810 'Nemo
722 1746 817 1811 credo
846 1767 917 1812 eam
940 1748 1026 1812 viam
1052 1739 1267 1832 ingredietur,
1297 1768 1382 1833 quae

254 1843 390 1908 tortasse
411 1862 489 1907 vera
504 1862 575 1908 esse
595 1848 715 1925 posset,
738 1844 766 1908 si
783 1864 847 1909 uon
864 1852 1011 1927 quattuor
1026 1845 1083 1911 scd
1106 1852 1255 1929 quattuor
1277 1846 1382 1911 millia

254 1941 425 2007 formarum
448 1945 680 2005 contractarum
697 1960 714 2006 e
730 1941 830 2006 titulis
851 1942 1060 2008 hauriremus.
1089 1942 1256 2021 Quomodo
1271 1950 1380 2010 autem

256 2058 325 2103 eam
352 2036 572 2102 difficultatem
601 2038 787 2103 solvemus?
830 2038 900 2102 Hoc
922 2037 1034 2121 eredo,
1061 2040 1136 2105 dum
1166 2042 1273 2123 plures
1294 2041 1380 2106 tituli
1488 2111 1491 2113 ,

256 2155 272 2201 e
296 2135 435 2206 diversis
457 2133 568 2199 Ioniae
597 2135 781 2218 regionibus
810 2136 950 2217 itemque
980 2135 1106 2202 diverso
1134 2144 1277 2219 tempore
1305 2157 1379 2202 con·

256 2233 363 2316 scripti
392 2233 465 2316 plus
493 2232 573 2297 lucis
595 2233 745 2313 afferent,
775 2231 978 2297 statuendum
1005 2233 1080 2297 erit:
1124 2232 1222 2297 uttrli
1251 2233 1297 2299 eis
1325 2254 1379 2301 ex·

256 2327 372 2413 ceptis,
404 2330 458 2412 qui
487 2364 526 2375 -
554 2329 597 2395 sit
625 2330 720 2394 venia
748 2330 846 2394 verbo
867 2365 911 2375 -
932 2330 1039 2394 stilum
1069 2330 1220 2394 curialem
1244 2349 1379 2412 praese

255 2427 368 2511 ferunt,
391 2427 533 2510 linguam
557 2426 721 2508 vulgarem
745 2434 898 2509 quantum
920 2432 1035 2510 potest,
1059 2426 1249 2510 exprimunt,
1274 2451 1308 2493 ει
1327 2450 1378 2493 εει

257 2549 291 2612 cp
307 2525 342 2589 iu
361 2544 416 2590 ore
431 2524 530 2606 vulgi,
553 2524 586 2588 in
608 2524 686 2604 loro,
710 2524 743 2588 in
760 2523 919 2606 colloquio
941 2524 1130 2607 praesertim
1146 2544 1217 2588 cum
1233 2523 1378 2606 rapidius

256 2622 401 2688 homiues
422 2622 644 2704 loquebantur,
675 2621 945 2697 contrahebantur
966 2621 1000 2686 in
1022 2623 1096 2687 aliis
1118 2620 1246 2705 oppidis
1267 2623 1377 2705 paullo

257 2719 361 2802 priore
382 2720 416 2783 iu
438 2719 510 2784 aliis
533 2719 642 2801 paullo
663 2719 839 2801 posteriore
860 2726 1019 2802 tempore,
1047 2720 1158 2803 itaque
1179 2718 1213 2783 in
1235 2718 1336 2786 titulis
1357 2738 1379 2785 a
1438 2777 1440 2779 ,

256 2815 403 2900 lapicidis
435 2815 603 2881 ineruditis
637 2840 667 2881 ει
701 2841 720 2901 η
755 2816 984 2881 scribebantur.
1032 2816 1155 2883 Contra
1188 2817 1377 2900 scriptorum

255 2913 367 2997 lingua
395 2914 506 2996 paullo
530 2913 707 2995 elegantior
733 2914 850 2979 formas
875 2914 996 2979 solutas
1019 2916 1194 2997 retinebat,
1223 2921 1259 2979 ut
1280 2916 1378 2981 etiam

256 3016 429 3092 nostrates,
463 3009 550 3093 quod
579 3010 687 3075 nescio
714 3030 756 3074 an
784 3011 962 3094 comparari
990 3012 1107 3095 possit,
1142 3011 1222 3089 ,wir
1248 3013 1378 3094 gehen“

257 3128 344 3184 ,was
366 3107 437 3172 thut
458 3112 515 3172 es“
545 3106 614 3172 sim.
638 3106 795 3189 scribunt,
825 3128 1016 3191 quamquam
1046 3110 1126 3186 ,wir
1152 3108 1261 3190 gehn“
1288 3128 1378 3186 ,was

257 3206 362 3271 thuts“
385 3204 481 3286 vulgo
506 3203 738 3286 pronuntiatur.
783 3205 835 3270 Sic
863 3204 1099 3288 quodammodo
1126 3205 1207 3268 mira
1234 3205 1293 3269 illa
1314 3203 1378 3269 dis·

257 3301 360 3369 sensio
390 3300 466 3365 mihi
496 3300 578 3366 solvi
605 3301 741 3367 ridetur.
771 3337 811 3345 -
841 3301 952 3365 Nihilo
980 3302 1086 3367 minus
1114 3307 1263 3367 accurate
1288 3300 1378 3384 apud

257 3398 450 3465 Herodotum
483 3397 626 3462 codicum
660 3398 832 3464 varietates
862 3399 1061 3479 examinavi,
1098 3419 1140 3464 ue
1172 3398 1275 3464 levior
1305 3416 1377 3465 esse

257 3496 396 3576 viderer,
432 3493 507 3576 sed,
540 3501 575 3559 ut
607 3497 849 3579 exspectabam,
883 3495 992 3561 inveni
1026 3494 1234 3577 dubitationi,
1272 3501 1377 3561 utrum

258 3592 436 3661 Herodotus
466 3591 611 3658 διετέλεε
635 3614 677 3658 au
706 3593 865 3672 διετέλει,
897 3598 1028 3670 ποιέεις
1049 3614 1092 3659 an
1115 3603 1229 3668 ποιεῖς
1258 3599 1291 3658 et
1311 3594 1378 3659 alia

258 3690 287 3754 id
308 3710 412 3774 genus
433 3688 604 3771 scripserit,
627 3690 729 3754 locum
754 3690 861 3755 datum
884 3710 949 3755 nou
971 3708 1052 3755 esse·

340 3786 406 3853 Sed
428 3785 471 3851 ad
494 3786 650 3869 specialia
671 3787 904 3871 transgrediar,
927 3787 1029 3870 primo
1045 3787 1086 3853 de
1102 3811 1136 3852 ιε
1152 3788 1185 3851 in
1207 3786 1376 3852 verborum

210 3880 213 3884 ’
260 3881 392 3950 flexione
415 3883 513 3948 obvia
527 3883 595 3949 sive
618 3890 690 3966 post
705 3904 879 3949 consonam
895 3884 965 3951 sive
985 3890 1059 3968 post
1072 3886 1217 3950 vocalem
1239 3886 1375 3967 ponitur,

262 3998 431 4065 exponam,
455 3979 531 4046 dein
554 4004 604 4058 sc,
627 3979 713 4063 qnod
735 3988 826 4046 extra
846 3983 1018 4046 verborum
1039 3980 1209 4048 flexionem
1222 3982 1376 4060 occurrit,

264 4078 399 4143 tractabo
428 4084 461 4143 et
489 4083 658 4161 postquam
681 4079 839 4143 nonnulla
861 4101 892 4143 ει
919 4097 977 4161 pro
1006 4101 1041 4143 εε
1070 4075 1267 4143 occurrentia
1294 4096 1377 4140 com-

265 4190 443 4255 memoraro,
465 4174 508 4239 ad
532 4197 581 4239 εει
603 4181 635 4241 et
657 4198 695 4260 ιη
718 4176 871 4241 transibo.

341 4272 378 4335 ln
402 4271 581 4337 his'rerbis
602 4272 686 4337 inter
708 4296 724 4336 ε
747 4278 780 4336 et
802 4271 1058 4338 terminationem
1072 4268 1097 4352 j
1116 4270 1283 4352 explosum
1304 4284 1377 4333 esse
1485 4345 1487 4348 ι

1119 4369 1171 4421 10*
