3575 5334
334 712 396 772 420
661 741 665 746 ·
852 710 941 765 (lauet

333 887 435 952 tribus
462 884 513 950 his
541 881 621 947 loeis
648 902 841 964 quamquam
867 880 989 947 formae
1009 880 1096 946 modi
1119 880 1311 945 ooniunetivi
1333 880 1454 962 positae

332 990 423 1064 sunt,
453 988 562 1047 tamen
593 999 629 1046 re
657 998 736 1043 vera
763 978 812 1060 id,
842 978 929 1060 quod
957 977 1004 1044 eis
1031 976 1236 1061 significatur,
1266 977 1309 1042 ad
1332 985 1455 1059 tempus

331 1080 469 1146 tutorum
502 1077 662 1162 pertinere
691 1076 724 1141 in
757 1083 868 1160 aperto
899 1080 956 1140 est.
1000 1093 1105 1156 neque
1133 1074 1228 1141 aliter
1256 1082 1369 1157 poeta,
1402 1074 1454 1138 nbi

331 1178 432 1259 trigas
454 1176 588 1241 arietum
612 1172 780 1254 describit,
810 1172 925 1255 quibus
953 1172 1030 1238 socii
1053 1172 1159 1238 Ulixis
1181 1191 1222 1237 ex
1249 1179 1343 1236 antro
1366 1171 1455 1254 Poly-

333 1273 443 1357 phemi
464 1272 568 1337 eventi
589 1277 674 1352 sunt,

377 1409 474 1472 1429
490 1427 554 1489 sq.:
582 1404 730 1486 σύντρεις
752 1401 939 1484 αἰνύμενος·
962 1396 987 1467 δ
1016 1400 1076 1482 μὲν
1101 1402 1247 1486 ἐνμέσῳ
1271 1399 1376 1484 ἄνδρα
1398 1407 1454 1487 φέ-

930 1521 969 1564 οκ
1005 1549 1013 1576 ,

578 1598 625 1661 τώ
643 1592 674 1661 δ’
692 1596 792 1680 ἑτέρω
808 1524 1079 1680 ἕκάτάρεθεάνῖτην
1095 1594 1274 1673 σώοντες
1297 1594 1453 1679 ἑταίρους,
1513 1652 1517 1664 .

332 1735 500 1818 participio
528 1733 708 1816 praesentis
730 1730 872 1808 σώοντες
900 1732 1068 1798 eonsilium
1096 1731 1247 1798 servandi
1277 1733 1455 1816 exprimere

333 1832 444 1897 voluit.
488 1830 602 1896 eadem
624 1830 785 1896 sententia
807 1836 856 1896 est
876 1831 979 1896 altero
1000 1830 1083 1910 loeo,

334 1990 350 2031 ε
372 1970 444 2033 488.
470 1967 548 2030 49οε
582 1960 627 2041 ώς
649 1958 681 2028 δ’
702 1959 759 2030 ὅτε
779 1988 831 2041 τις
853 1962 954 2029 δαλὸν
976 1962 1101 2047 σποδιῇ
1125 1961 1282 2046 ἐνέκρυψε
1306 1962 1453 2046 μελαίνῃ,

581 2066 714 2144 σπέρμα
736 2058 843 2144 πυρὸς
865 2058 1014 2179 σώζων,
1036 2059 1092 2124 ἵνα
1113 2057 1157 2143 μή
1176 2064 1287 2125 ποθεν
1310 2057 1453 2125 ἄλλοθεν

893 2181 981 2235 avoc,

332 2294 388 2359 ubi
422 2294 590 2359 Beklxerus
622 2287 795 2358 admodum
832 2293 1043 2377 probabiliter
1074 2289 1170 2356 σώων
1203 2293 1344 2376 scripsit,
1383 2295 1456 2377 quia

334 2391 477 2474 alioquin
497 2388 601 2468 ,σώζω
629 2392 763 2455 verbum
792 2390 971 2457 derivatum
999 2408 1104 2471 neque
1127 2389 1169 2454 ab
1192 2389 1332 2463 Homero
1355 2411 1455 2474 neque

333 2489 376 2555 ab
398 2487 540 2554 Hesiodo
568 2495 748 2570 usurpatur.
792 2487 877 2569 quod
905 2487 933 2553 si
961 2486 1020 2551 hos
1043 2492 1178 2571 quatuor
1200 2488 1253 2553 vel
1277 2489 1454 2572 quinque²⁰l

332 2588 420 2652 looos
447 2590 534 2649 reete
564 2583 727 2667 intellexi,
758 2581 826 2648 σὸω
854 2591 911 2649 aut
933 2578 1011 2647 σώω
1039 2583 1196 2665 signifieat
1223 2591 1373 2650 conatum
1395 2605 1455 2651 ser·

333 2680 434 2747 vandi
457 2687 488 2745 et
509 2679 667 2745 interdum
690 2700 794 2763 paene
816 2682 880 2745 vim
903 2680 1001 2746 futuri
1017 2679 1189 2762 adaequat.
1212 2687 1245 2747 et
1258 2682 1345 2748 huno
1366 2703 1454 2749 usum

333 2778 524 2862 posteriores
547 2772 670 2860 poetae
684 2784 715 2843 et
730 2777 952 2860 Alexandrini,
976 2777 1029 2859 qul
1051 2776 1209 2859 dieantur,
1232 2780 1338 2845 ethis
1361 2780 1454 2846 etiam

333 2874 525 2940 recentiores
547 2893 626 2938 sano
649 2875 765 2939 iudieio
787 2875 903 2939 imitati
925 2880 1008 2940 sunt.
1040 2873 1127 2957 apud
1150 2895 1233 2957 quos.
1249 2876 1300 2941 bis
1322 2878 1456 2962 impera·

331 2972 433 3052 tivus,
457 2970 523 3033 onie
545 2976 577 3036 et
598 2968 715 3049 σώετε,
746 2979 867 3037 exstat:
901 2970 998 3036 Anth.
1022 2969 1077 3035 Gr.
1101 2971 1138 3052 V,
1162 2975 1235 3055 235,
1257 2984 1273 3034 6
1295 2981 1327 3040 et
1349 2976 1454 3059 Apoll.

332 3068 525 3148 Rh.l,197.
568 3074 634 3135 tres
656 3076 730 3135 sunt
755 3069 834 3150 looi,
864 3068 980 3151 quibus
1010 3062 1087 3129 σώω
1115 3068 1158 3133 ad
1185 3077 1333 3136 naturam
1361 3071 1453 3137 futuri

333 3184 427 3246 quam
450 3165 594 3247 proxime
616 3164 764 3231 aooedat:

375 3300 436 3381 Ap.
452 3298 512 3363 Rh.
528 3303 556 3382 2,
572 3311 618 3361 609
632 3320 696 3383 sq.:
792 3297 836 3384 δὴ
861 3295 921 3381 γάρ
945 3296 1057 3384 φάσαν
1080 3298 1116 3378 ἐξ
1133 3294 1250 3365 Ἀΐδαο

636 3395 837 3460 σώεσθαι

375 3490 419 3555 id.
436 3494 465 3572 3,
484 3502 528 3553 306
543 3512 606 3574 sq.:
636 3494 710 3567 νεώς
731 3485 862 3556 Αἶάνδε
885 3490 1003 3557 νέεσθε
1025 3495 1235 3574 παλίσσυτοι,
1259 3486 1297 3577 ἠὲ
1319 3500 1371 3572 τίς
1394 3492 1451 3579 άτη

637 3593 874 3668 σωομένους
896 3588 1059 3675 μεσσηγδς
1082 3589 1269 3672 ἐνέκλασενς

375 3695 505 3760 Maxim.
529 3722 566 3761 π.
589 3721 719 3778 καταρχ.
745 3701 804 3762 567
821 3718 906 3781 sqq.:
941 3697 970 3763 εἷ
1000 3700 1036 3765 δέ
1063 3725 1097 3765 τι
1117 3697 1325 3782 ,κλεμμάδιον
1355 3700 1452 3785 μεγά-

1070 3821 1136 3879 ρων
1158 3797 1329 3884 κειμήλιον
1353 3799 1449 3883 ἔρροι,

332 3955 460 4025 primitivi
477 3955 532 4008 σόω
552 3964 600 4011 aut
624 3958 686 4009 σώω
710 3959 777 4024 dixi,
800 3960 909 4028 infringi
929 3977 985 4016 non
1007 3962 1115 4032 poterit.
1149 3964 1276 4019 nimirum
1299 3967 1322 4020 si
1344 3968 1450 4036 probari

332 4040 426 4103 posset
445 4031 500 4086 σόω
519 4038 629 4092 verbum
646 4053 791 4105 numquam
803 4039 832 4094 in
849 4057 903 4096 usu
918 4040 1011 4108 fuisse,
1028 4043 1252 4113 significationem
1270 4047 1327 4101 eius
1346 4052 1449 4102 senten·

332 4115 387 4169 tiae
403 4129 480 4168 meae
496 4132 551 4170 non
569 4116 679 4172 officere
695 4118 865 4174 vehementer
882 4127 986 4176 eertum
1004 4129 1084 4179 esset.

401 4194 435 4258 ²⁰)
452 4208 515 4247 nam
533 4195 605 4264 quod
623 4198 705 4251 9363
723 4203 819 4266 exstat,
838 4200 959 4253 σώεσκον
975 4204 1097 4259 huonon
1113 4204 1239 4272 pertinet,
1258 4206 1322 4273 quia
1340 4208 1448 4276 stirpem

332 4270 433 4326 suffixo
449 4271 572 4330 iterativo
589 4266 703 4330 auctam'
713 4276 801 4333 habet.
