3575 5334
329 664 392 726 238
849 668 937 721 Cauer

331 839 504 905 morandus
533 846 581 903 est
609 839 721 904 titulus
750 842 811 902 324
840 838 981 904 rationes
1009 845 1188 904 curatorum
1211 840 1319 923 operis
1341 842 1457 906 Erech·

330 938 397 1003 thei
425 936 608 1018 continens,
641 936 688 999 Ol.
711 934 768 1009 93,
795 937 813 997 1
844 944 995 1001 exaratus
1022 943 1087 1001 tam
1118 938 1198 1001 miro
1227 958 1287 1004 usu
1315 939 1455 1021 spiritus,

330 1043 365 1100 ut
393 1035 541 1099 Harrinm
573 1033 733 1116 quendam
761 1032 981 1098 'Catullianum
1015 1034 1048 1097 iu
1077 1054 1115 1099 eo
1144 1035 1329 1102 elaborasse
1363 1035 1458 1101 facile

331 1132 448 1214 aliquis
470 1130 645 1196 crediturus
667 1132 717 1196 sit.
762 1137 848 1196 certe
870 1130 1021 1214 lapicida,
1044 1132 1233 1214 quicumque
1255 1133 1332 1213 fuit,
1360 1136 1458 1198 omni-

330 1230 390 1294 bus
412 1230 478 1295 iere
500 1229 675 1309 vocabulis,
699 1248 781 1310 quae
803 1248 823 1292 a
845 1227 1010 1294 vocalibus
1033 1230 1226 1313 inciperent,
1253 1238 1345 1296 tanta
1368 1230 1459 1297 sedu-

330 1327 421 1392 litate
449 1326 579 1409 spiritus
608 1326 712 1408 aspen'
736 1334 846 1390 notam
872 1325 1035 1408 praefixit,
1068 1335 1102 1392 ut
1130 1329 1287 1393 nonnulla
1315 1328 1458 1394 afflatum

331 1425 469 1491 hominis
492 1423 643 1505 effugisse
666 1443 730 1487 non
759 1423 917 1505 possimus
946 1444 1011 1488 non
1039 1425 1157 1489 mirari.
1203 1445 1261 1491 nec
1287 1425 1405 1491 desunt
1426 1426 1458 1489 in

331 1523 382 1588 his
411 1521 561 1603 exempla
590 1521 658 1585 cius
691 1519 835 1601 generis,
870 1521 920 1585 cui
956 1521 1086 1605 spiritus
1118 1542 1213 1606 asper
1241 1522 1363 1606 optimo
1393 1524 1460 1588 iure

331 1617 520 1686 tribuendus
549 1617 658 1697 suerit,
694 1624 728 1681 ut
761 1615 941 1703 εἷστηκότα
977 1640 1009 1702 e,
1035 1632 1072 1699 19,
1105 1616 1217 1702 ἱερέας
1246 1640 1278 1701 o,
1302 1632 1342 1702 27,
1378 1640 1459 1703 quae

334 1717 442 1783 omnia
473 1717 505 1779 in
535 1715 681 1796 catalogo
717 1735 813 1797 supra
847 1715 950 1799 posito
983 1717 1073 1782 uncis
1101 1717 1233 1800 inclusi3
1266 1739 1343 1783 nam
1378 1738 1460 1799 quae

333 1814 412 1879 vitia
435 1812 528 1877 unius
557 1811 717 1896 lapicidae
740 1814 836 1878 errori
867 1814 1024 1879 debentur
1047 1834 1086 1880 ex
1109 1814 1220 1898 Scylla
1243 1814 1405 1880 interdum
1427 1816 1459 1879 in

335 1900 529 1995 Charybdim
553 1910 711 1990 irruentis,
739 1930 778 1974 ca
800 1910 881 1975 nihil
904 1912 1014 1977 valere
1035 1919 1169 1995 possunt
1191 1913 1224 1976 in
1248 1911 1460 1979 describenda

334 2008 509 2074 mutatione
538 2007 633 2071 totius
662 2008 846 2073 literaturae
871 2009 997 2074 Atticae
1028 2009 1183 2092 paulatim
1211 2011 1305 2074 laeta.
1351 2030 1457 2076 eorum

334 2127 409 2173 vero
440 2105 674 2186 exemplorum,
711 2124 792 2186 quae
820 2106 923 2171 falsae
951 2107 1157 2189 aspirationis
1185 2108 1263 2171 vitio
1292 2107 1459 2189 inquinata

334 2212 422 2285 sunt,
446 2205 479 2267 in
501 2202 613 2266 tabula
635 2201 713 2266 satis
735 2222 853 2285 magna
875 2208 940 2266 tam
963 2203 1077 2285 ingens
1101 2211 1148 2269 est
1169 2224 1336 2286 numerus,
1365 2213 1400 2270 ut
1422 2226 1460 2271 ea

334 2301 552 2381 adscripturus
582 2319 646 2362 non
676 2299 804 2380 luerim,
835 2299 896 2364 nisi
919 2300 1080 2365 Keilius
1110 2302 1143 2364 in
1167 2300 1366 2366 Schedarum
1395 2304 1459 2386 epi-

332 2399 555 2483 graphicarum
586 2396 894 2478 (Numburgi1855l
924 2418 978 2480 pp.
1003 2401 1105 2479 dsqq.
1149 2398 1216 2463 lere
1245 2400 1354 2464 omnia
1382 2408 1459 2464 tam·

335 2516 428 2578 quam
451 2494 634 2560 testimonia
649 2513 745 2559 verae
768 2495 1037 2577 pronuntiationis
1052 2496 1225 2560 Atticorum
1250 2498 1362 2577 paucis
1385 2498 1458 2578 illis,

335 2613 417 2676 quae
439 2592 471 2655 in
494 2592 567 2655 aliis
596 2591 856 2674 inscriptionibus
884 2590 1004 2674 passim
1028 2593 1244 2675 reperiuntur,
1272 2593 1459 2659 immiscuis-

335 2698 392 2756 set.
437 2687 522 2752 unde
544 2689 640 2753 etiam
663 2689 696 2752 in
720 2687 850 2753 Curtii
873 2688 1088 2754 Lineamenta
1110 2692 1339 2773 etymologices
1362 2691 1460 2758 Grae-

336 2806 392 2852 cae
415 2790 441 2863 (³
464 2788 524 2849 639
541 2791 600 2866 sq.)
630 2786 710 2851 haec
732 2786 825 2850 turba
846 2785 892 2851 ita
916 2793 1047 2869 recepta
1075 2794 1139 2867 est,
1170 2794 1206 2852 ut
1228 2809 1249 2851 a
1271 2789 1387 2853 ceteris
1410 2808 1460 2853 ex·

337 2884 451 2967 emplis
480 2904 544 2946 non
575 2882 830 2963 distingueretur.
879 2883 965 2964 qnod
994 2884 1069 2965 quin
1098 2903 1209 2966 parurn
1233 2892 1320 2950 recte
1343 2885 1459 2951 iactum

337 2983 386 3061 sit,
411 2980 550 3045 dubitari
572 3000 636 3043 uon
660 2985 773 3061 potest,
797 2982 823 3044 si
846 2980 941 3044 modo
964 3000 999 3045 re
1021 3000 1099 3046 vera
1120 2982 1237 3046 ususll
1261 2982 1385 3064 literae,
1409 2983 1460 3064 qui

335 3087 384 3145 est
406 3080 439 3143 in
462 3078 574 3143 tabula
596 3080 673 3158 324,
703 3097 767 3141 non
791 3078 928 3142 sermoni
952 3078 1092 3142 omnium
1115 3079 1378 3161 Atheniensium,
1405 3079 1460 3145 sed

336 3178 412 3243 vitio
436 3177 528 3241 unius
554 3175 712 3258 lapicidae
735 3175 877 3240 debetur.
924 3183 955 3240 et
985 3175 1065 3240 haec
1090 3175 1161 3257 ipsa
1183 3195 1280 3240 causa
1303 3177 1379 3258 luit,
1409 3197 1461 3241 cur

336 3277 516 3357 catalogum
540 3273 681 3337 omnium
704 3273 923 3353 exemplorum
929 3320 943 3371 t.
965 3292 1047 3354 quae
1070 3273 1131 3337 huc
1153 3273 1365 3356 pertinerent,
1392 3274 1461 3340 sub-

335 3373 508 3453 iungerem.
554 3390 629 3434 uam
652 3371 704 3451 qui
735 3389 774 3434 ea
796 3389 859 3433 uno
882 3376 1055 3451 conspectu
1083 3371 1316 3452 comprehensa
1337 3371 1461 3451 viderit,

337 3468 576 3550 quadratarium
606 3468 826 3549 antiquitatem
856 3466 1012 3532 sermonis
1040 3466 1174 3533 ridicule
1206 3476 1382 3534 sectantem
1414 3469 1462 3533 his

337 3564 430 3646 nugis
466 3563 657 3628 delectatum
699 3584 769 3630 esse
802 3564 897 3629 facile
931 3564 991 3629 sibi
1028 3564 1244 3646 persuadebit.
1296 3574 1372 3631 sunt
1408 3566 1461 3648 igi-

338 3669 387 3727 tur
409 3662 505 3726 haec:

423 3754 718 3840 ἁγαλματοποικοῦ
747 3778 773 3838 o,
796 3769 836 3821 22.
882 3752 1005 3839 dynato
1034 3777 1060 3839 c,
1087 3771 1122 3821 10.
1167 3753 1344 3843 Ἀγρυλῆσι
1375 3779 1401 3840 o,
1425 3770 1460 3821 11.

337 3860 419 3920 -θεν
441 3866 480 3919 28,
535 3853 704 3941 Αἷσχίνης
730 3875 756 3935 o,
779 3866 818 3919 38.
871 3851 1083 3939 Ἀλωπεκῆσι
1111 3869 1199 3935 o,15.
1248 3851 1460 3941 Ἀμεινιάδης

337 3973 363 4034 e,
387 3965 426 4017 37.
454 3964 495 4015 40.
525 3964 563 4016 76.
614 3948 853 4037 ἆναγράφομεν
882 3971 909 4029 o,
936 3964 974 4015 31.
1022 3948 1181 4032 ἆνάλωμα
1211 3973 1243 4033 o,
1267 3963 1307 4016 rt.
1356 3950 1459 4035 ἄνδρα

337 4070 363 4131 c,
389 4063 424 4113 rs.
462 4045 681 4135 Ἀξιοπείθης
704 4070 729 4131 c,
752 4061 791 4112 ct.
814 4062 853 4113 st.
892 4044 963 4112 ἁπό
984 4069 1013 4128 a,
1037 4059 1076 4113 aa.
1099 4058 1137 4113 34.
1162 4069 1187 4131 c,
1211 4060 1251 4112 cc.
1287 4047 1460 4134 προςὰηέ-

339 4146 439 4227 ὄομεν
472 4166 498 4227 o,
531 4159 566 4210 n.
619 4141 699 4209 αὑτό
733 4167 759 4225 o,
788 4157 827 4209 23.
879 4152 923 4230 -ᾠ
955 4146 986 4226 b,
1015 4157 1039 4208 2.
1090 4144 1252 4233 ἐγγυητής
1285 4165 1312 4225 o,
1339 4158 1377 4211 19.
1426 4144 1459 4210 ἑκ

338 4262 367 4323 a,
396 4256 435 4307 22.
484 4241 520 4306 ἓν
546 4263 581 4325 a,
608 4257 643 4307 15.
682 4241 972 4332 inopportunam
1000 4255 1040 4308 32.
1086 4242 1298 4325 insinuata,
1328 4255 1367 4307 43.
1411 4241 1462 4307 ἑν·
