3575 5334
330 678 393 739 264
846 675 935 732 Caucr

330 870 490 938 apparere
518 850 604 915 dicat
633 869 746 915 sonum
777 871 804 911 ει
837 848 998 913 literarum
1028 855 1060 912 et
1084 868 1198 934 sonum
1225 849 1343 931 longae
1367 872 1378 910 ι
1400 848 1453 910 illo

330 958 474 1034 tempore
504 968 568 1012 non
596 945 769 1011 admodum
798 946 882 1011 inter
910 966 946 1012 se
974 944 1118 1011 diversos
1146 946 1254 1011 fuisse.
1299 952 1334 1011 at
1362 965 1454 1010 causa

332 1050 423 1114 nulla
445 1053 503 1126 est,
527 1046 602 1127 quin
625 1062 692 1109 rem
716 1063 756 1108 ex
779 1045 909 1109 nomine
931 1063 1026 1125 quam
1049 1063 1167 1108 nomen
1191 1062 1263 1108 ere
1276 1042 1454 1120 aestimare,

332 1146 409 1229 quin
432 1164 450 1210 e
472 1143 565 1208 litera
588 1142 696 1222 aliqua
718 1162 846 1221 sonum,
878 1160 971 1223 quem
996 1136 1239 1221 significaverit,
1268 1139 1456 1220 intellegere

332 1243 482 1308 malimus
512 1259 607 1321 quam
642 1258 682 1303 ex
710 1238 781 1318 ipso
814 1259 910 1318 sono,
947 1238 1052 1319 qualis
1081 1238 1257 1319 aliquando
1285 1237 1360 1319 fuit,
1396 1238 1455 1299 vim

332 1341 453 1418 literae,
478 1357 573 1419 quam
593 1356 650 1420 pro
674 1355 712 1400 eo
735 1335 885 1417 scriptam
910 1333 1095 1417 reperimus.
1126 1335 1201 1417 quin
1225 1334 1324 1401 etiam
1346 1354 1406 1418 per
1426 1352 1457 1398 se

332 1437 433 1501 multo
463 1434 530 1498 veri
559 1434 694 1498 similius
716 1440 764 1497 est
786 1439 928 1496 mutatae
952 1455 964 1493 ι
986 1432 1108 1539 mosiis
1130 1432 1386 1515 pronuntiationi
1408 1452 1458 1495 no·

332 1554 407 1598 vam
431 1531 526 1597 etiam
550 1538 658 1595 notam
681 1530 831 1593 tributam
851 1548 1035 1610 essequam
1058 1528 1143 1593 hanc
1163 1530 1311 1594 vocalem
1333 1535 1458 1595 serrata

333 1627 593 1713 pronuntiatione
620 1626 812 1711 primigenia
839 1646 957 1691 novam
986 1626 1047 1691 sibi
1076 1634 1185 1691 notam
1216 1624 1252 1689 ΕΙ
1276 1626 1458 1710 arripuisse,

334 1728 454 1809 quippe
476 1724 564 1789 ouius
586 1722 634 1788 vis
656 1731 802 1805 correpta
825 1748 854 1788 ει
875 1723 1018 1806 genuina
1038 1723 1072 1787 in
1100 1723 1399 1806 monophthongum
1421 1722 1458 1788 ad

333 1833 347 1887 ῑ
369 1823 515 1888 vocalem
537 1822 836 1905 appropinquasset.
881 1820 938 1887 sed
962 1828 1039 1886 esto.
1083 1821 1265 1885 tribuantur
1286 1822 1459 1905 scripturae

335 1915 540 1994 Ποτείδαια,
576 1912 772 1996 ἀποτεῖσαι,
814 1915 995 1994 Φλειάσιος
1027 1925 1168 1983 mutatae
1201 1939 1266 1982 non
1298 1943 1310 1981 ι
1342 1918 1459 1983 vocalis

335 2015 603 2101 pronuntiationi,
633 2016 691 2079 sed
722 2012 757 2078 ΕΙ
788 2015 953 2080 literarum
982 2014 1206 2096 significationi
1230 2016 1376 2098 —quid
1406 2017 1459 2080 hoc

335 2114 378 2179 ad
406 2112 497 2179 rem?
541 2112 638 2192 nihil,
668 2111 724 2176 sed
755 2119 866 2176 contra
895 2132 965 2177 eam
994 2111 1126 2194 aliquid.
1178 2129 1245 2176 rem
1275 2113 1362 2178 enim
1394 2113 1485 2182 dico.

335 2232 464 2279 oausam
481 2208 664 2291 Brugmani,
687 2208 741 2289 qui
763 2208 868 2274 facere
883 2210 947 2274 iam
970 2230 1033 2274 non
1057 2208 1184 2292 poterit,
1207 2210 1283 2291 quin
1307 2210 1460 2275 concedat

335 2311 350 2371 i
370 2315 401 2373 et
423 2330 440 2370 o
462 2326 558 2371 unam
582 2305 782 2387 eandemque
804 2324 877 2371 esso
899 2308 1054 2371 vocalem.
1091 2307 1170 2370 mihi
1191 2312 1299 2371 autem
1323 2307 1459 2389 genuina

337 2430 366 2471 ει
390 2405 626 2487 diphthongus,
656 2404 682 2468 si
705 2404 737 2466 in
760 2409 773 2463 ῑ
795 2404 1092 2486 monophthongum
1115 2422 1209 2469 versa
1232 2415 1317 2484 erat,
1341 2423 1413 2468 cum
1435 2426 1460 2467 ει

336 2502 534 2580 adulterina,
568 2501 694 2582 qualem
724 2500 927 2582 Brugmanus
960 2520 1031 2566 eam
1062 2500 1160 2566 luisse
1192 2502 1276 2584 vult,
1311 2500 1460 2566 conlundi

337 2600 426 2665 nullo
449 2597 544 2662 modo
567 2598 709 2679 potuisse
730 2596 865 2661 videtur.
1244 2668 1247 2671 ⁴

423 2714 542 2775 neque,
569 2713 665 2775 quam
689 2693 883 2759 Dietrichius
906 2694 1085 2777 proposuit,
1116 2694 1366 2778 explicationem
1396 2716 1460 2780 pro

337 2791 479 2857 bundam
503 2809 574 2855 esse
602 2790 790 2872 putaverim.
836 2791 949 2857 eodem
972 2792 1057 2856 enim
1083 2800 1243 2875 tempore,
1274 2810 1336 2872 quo
1360 2815 1393 2856 ει
1414 2810 1462 2875 ge·

269 2914 272 2920 ·
338 2890 469 2954 nuinam
500 2889 532 2951 in
562 2886 859 2969 monophthongum
888 2896 1043 2954 mutatam
1073 2909 1144 2955 esse
1171 2890 1374 2971 Brugmanus
1403 2888 1463 2955 exi-

338 2986 463 3066 stimat,
497 2984 712 3050 adulterinam
740 2984 773 3047 in
803 2985 1038 3068 diphthongum
1068 2985 1235 3051 transiisse
1262 2985 1320 3050 ille
1346 2986 1461 3052 statuit.

339 3083 424 3167 quod
447 3083 492 3147 ita
514 3081 582 3147 fieri
604 3082 745 3164 potuisse
769 3083 823 3146 vix
847 3082 943 3148 credo
964 3085 998 3147 in
1021 3101 1069 3163 eo,
1093 3084 1179 3165 quod
1201 3090 1249 3148 est
1271 3083 1463 3149 uniuscuius-

338 3201 400 3264 que
421 3167 567 3262 linguae,
597 3179 701 3244 studio
724 3179 868 3260 singulas
890 3187 922 3246 et
945 3187 1159 3246 consonantes
1181 3187 1214 3245 et
1241 3182 1373 3247 vocales
1397 3182 1463 3247 sim·

339 3278 487 3361 plioiores
510 3284 542 3342 et
563 3277 722 3341 faciliores
744 3276 902 3343 reddendi
926 3278 1142 3360 pronuntiatu.
1186 3277 1244 3343 sed
1267 3277 1463 3360 proficiscen·

340 3374 414 3438 dum
443 3383 491 3438 est
519 3374 560 3438 ab
589 3373 662 3455 ipsa
690 3373 748 3437 illa
776 3374 932 3457 scriptura
956 3399 967 3437 ι
990 3376 1122 3456 longae,
1153 3394 1235 3456 quae
1258 3375 1318 3439 luit
1341 3375 1398 3458 ΕΙ,
1427 3396 1463 3441 ex

340 3490 404 3552 qua
424 3470 641 3550 intellegimus
662 3477 769 3536 aetate
790 3472 869 3536 belli
892 3472 1159 3553 Peloponnesiaci
1182 3479 1228 3551 et,
1252 3492 1336 3554 quae
1358 3493 1464 3556 seque·

340 3567 458 3631 huntur
481 3564 706 3648 Olympiades,
731 3588 795 3632 nou
818 3571 922 3633 solum
945 3573 962 3630 d
985 3568 1041 3634 lita
1063 3569 1148 3633 enim
1171 3568 1241 3633 dico
1265 3592 1294 3633 ει
1317 3570 1464 3637 adulteri-

341 3670 441 3741 uam),
464 3663 522 3727 sed
545 3663 641 3727 etiam
657 3668 670 3725 t
689 3666 811 3730 vocalis
834 3666 1041 3731 mutationem
1065 3666 1182 3730 tactam
1206 3685 1286 3732 esse.
1317 3669 1464 3734 nimirum

342 3760 423 3824 ead
447 3764 459 3820 t
479 3762 544 3823 ott
570 3759 613 3824 ad
642 3765 659 3822 ἑ
686 3762 973 3845 appropinquavit,
1005 3763 1106 3827 donec
1128 3772 1349 3846 congruerunt
1372 3766 1405 3832 in
1429 3768 1464 3844 ei,

341 3876 407 3920 non
429 3855 488 3919 illa
510 3856 639 3938 quidem
662 3856 862 3940 diphthongo
891 3861 1047 3941 genuina,
1079 3858 1137 3924 sed
1164 3861 1269 3925 vocali
1291 3862 1377 3927 inter
1398 3884 1416 3924 e
1437 3871 1465 3927 et

341 3953 408 4018 iin
431 3952 537 4017 medio
559 3954 679 4036 posita,
707 3956 832 4036 qualem
856 3958 889 4017 ei
908 3957 1120 4022 Romanorum
1144 3956 1242 4023 fuisse
1265 3957 1466 4040 Bragmanae

341 4058 427 4116 recte
449 4051 719 4116 commemoravit.
760 4052 803 4115 ad
826 4052 970 4117 eiusdem
994 4061 1100 4119 autem
1123 4056 1155 4115 ei
1175 4055 1465 4137 pronuntiationem

320 4147 456 4213 >eodem
485 4149 552 4213 fere
583 4155 725 4230 tempore
756 4157 947 4229 pervenerat
977 4174 1006 4214 ει
1032 4152 1176 4233 genuina
1202 4172 1269 4217 non
1298 4171 1353 4233 eo,
1384 4152 1465 4236 quod

337 4251 398 4307 ¹aut
421 4266 435 4306 ε
457 4251 512 4308 aut
535 4267 548 4308 ι
569 4244 690 4310 uocalis
719 4246 751 4308 in
782 4265 821 4310 ea
848 4254 982 4312 exstans
1004 4268 1159 4331 oppressa
1187 4256 1271 4332 erat,
1301 4248 1361 4315 sed
1384 4249 1466 4332 quod
