3575 5334
345 707 407 768 352
841 705 988 761 Bechstein

429 882 537 963 iugens
557 885 589 945 et
602 899 720 950 recem,
743 876 830 943 unde
845 878 1000 960 originem
1016 877 1166 943 duxerint
1187 896 1252 941 non
1275 875 1464 959 explicatum

315 1041 319 1046 .
343 986 392 1044 est
413 999 434 1043 a
456 975 687 1060 grammaticis,
717 974 781 1038 nisi
802 974 887 1055 quod
910 976 976 1040 Leo
999 976 1109 1059 Meyer
1135 981 1193 1057 lgr.
1216 994 1320 1057 comp.
1345 974 1393 1055 ΙΙ,
1417 976 1464 1048 85)

342 1076 423 1142 haec
443 1073 602 1140 vocabula
623 1074 706 1138 inter
728 1077 903 1136 ceterorum
925 1072 1159 1156 adjectivorum
1180 1072 1343 1155 participii
1365 1090 1463 1154 praes.

342 1173 481 1256 speciem
504 1170 726 1255 praebentium
748 1168 812 1232 vim
836 1175 1011 1251 enumerat,
1034 1190 1096 1252 quo
1118 1169 1200 1236 facto
1215 1190 1254 1251 pe
1270 1170 1464 1251 (iu-pentus)

343 1278 375 1336 et
396 1292 432 1332 oe
453 1273 670 1346 (re-ceuceu)
699 1265 817 1349 stirpes
845 1267 965 1334 babere
986 1267 1128 1349 videtur3
1159 1267 1200 1331 de
1229 1285 1293 1348 qua
1320 1285 1356 1331 re
1385 1263 1464 1347 quod

342 1387 408 1431 non
430 1366 558 1431 uberius
586 1366 710 1429 locutus
733 1369 781 1427 est
802 1364 901 1429 valde
923 1365 1029 1429 doleo.
1073 1365 1157 1429 Nam
1179 1364 1242 1429 nisi
1270 1363 1369 1428 fallor
1390 1363 1464 1428 hacc

341 1465 442 1530 verba
464 1463 593 1529 omnino
616 1462 764 1526 huonon
786 1462 957 1543 pertinent.
1462 1449 1465 1456 ’

427 1561 474 1625 Ac
502 1560 639 1642 primum
668 1557 796 1639 quidem
820 1560 927 1642 ingena
949 1560 1159 1642 compositum
1188 1565 1237 1624 est
1265 1577 1307 1623 ex
1337 1578 1463 1641 praepo·

341 1659 458 1724 sitione
479 1659 511 1718 in
534 1661 566 1721 et
587 1656 674 1738 penti
693 1656 824 1732 (nomin.
846 1665 943 1739 qens),
972 1657 1057 1739 quod
1079 1658 1164 1722 idem
1187 1676 1259 1722 esse
1281 1656 1410 1722 videtur
1430 1674 1463 1720 ac

342 1755 499 1820 substant.
520 1773 604 1835 pons.
639 1752 690 1817 Ne
709 1753 779 1833 quis
795 1753 967 1819 crediderit
989 1755 1073 1819 hanc
1094 1753 1253 1819 formandi
1275 1754 1463 1819 rationemo

341 1851 455 1933 lingua
483 1851 586 1915 latina
613 1850 752 1915 alienam
782 1869 868 1932 esse,
900 1851 1043 1918 conferat
1064 1851 1181 1934 adject.
1204 1851 1343 1912 accord·
1372 1856 1461 1928 (nom.

341 1969 459 2021 vecors,
483 1966 524 2012 ex
546 1966 657 2032 praep.
673 1959 716 2009 'ac
739 1952 771 2012 et
792 1949 892 2013 subst.
910 1950 1003 2011 cord·
1017 1949 1157 2028 lactum),
1180 1950 1372 2024 esc-unimus,
1393 1948 1460 2012 alia.

339 2046 454 2129 Ingens
474 2046 571 2129 igitur
592 2047 620 2109 is
646 2051 707 2126 est,
732 2044 786 2126 qui
811 2043 1002 2128 degenerat,
1026 2045 1167 2128 degener
1192 2051 1250 2110 est.
1292 2046 1375 2110 Inde
1398 2068 1462 2129 pro·

339 2144 408 2208 fluit
429 2143 517 2208 notio
546 2141 714 2226 permagni
736 2147 771 2205 ut
791 2161 851 2206 nos
876 2143 990 2209 eadem
1012 2143 1222 2209 translatione
1244 2143 1293 2207 usi
1321 2163 1389 2209 rem
1411 2143 1461 2207 ali-

340 2260 437 2324 quam
452 2247 578 2307 vastam
593 2246 690 2321 atque
706 2239 879 2305 immanem
904 2240 1161 2323 „unpesotloctffl
1178 2258 1338 2305 vocamus.
1378 2240 1461 2319 Quae

340 2339 537 2422 etymologia
551 2338 697 2419 quamvis
712 2336 947 2401 verisimillima
962 2337 1119 2419 videatur,
1143 2344 1250 2402 tamen
1274 2338 1359 2402 alias
1377 2358 1461 2419 quas-

339 2435 413 2500 dam
444 2442 588 2514 exstare,
618 2435 746 2499 silentio
776 2455 840 2498 non
870 2440 919 2499 est
947 2433 1275 2519 praetermittendum.
1320 2435 1459 2501 Alteram

339 2534 424 2599 enim
454 2532 622 2614 compositi
650 2539 774 2615 partem
803 2553 900 2615 gena
929 2552 970 2598 ex
997 2554 1021 2596 r.
1043 2554 1103 2616 pen
1132 2537 1238 2615 (quam
1261 2531 1410 2597 invenias
1431 2533 1459 2595 in

337 2630 459 2712 pert-ui,
489 2625 691 2711 ἒ-γεν-ὀ-μην
722 2634 787 2705 ctt.)
818 2630 996 2695 derivatam
1025 2630 1145 2695 habere
1174 2629 1265 2708 licet,
1296 2635 1331 2693 ut
1360 2632 1461 2712 inpetu

249 2732 252 2737 '
338 2726 467 2809 proprie
497 2725 600 2789 dictus
629 2725 669 2789 sit
694 2726 747 2806 qui
770 2725 887 2810 fuctus,
917 2729 1044 2810 genitus
1066 2748 1131 2792 non
1154 2732 1217 2792 est:
1246 2728 1458 2809 „ungoboren

337 2823 426 2888 nicht
455 2823 678 2905 dagewesen“,
716 2822 811 2887 simili
840 2824 1089 2907 significatione,
1126 2845 1188 2906 qua
1218 2842 1301 2905 quae
1339 2834 1460 2907 praeter

338 2941 464 2987 omnem
488 2919 759 3001 exspectationem
788 2918 867 2985 fiunt
894 2923 1041 2988 inaudita
1069 2922 1197 3006 proprie
1226 2920 1385 2987 dicuntur.
1428 2922 1459 2987 Si

336 3018 382 3084 ita
413 3038 463 3084 res
497 3036 568 3082 sese
600 3016 714 3096 habet,
751 3037 815 3082 vox
848 3020 956 3102 iugens
989 3027 1038 3085 est
1069 3020 1166 3103 stirps
1198 3019 1233 3082 in
1266 3020 1296 3080 i.-
1337 3020 1458 3103 ingenti,

336 3138 421 3182 nom.
444 3118 552 3198 inperat
581 3120 615 3178 ut
643 3113 751 3196 stirpis
777 3120 868 3197 porti
893 3138 977 3181 nom.
1003 3139 1094 3202 pora.
1127 3152 1167 3161 —
1199 3117 1344 3181 Tertiam
1367 3118 1459 3199 hujus

335 3214 484 3280 vocabuli
518 3211 703 3295 explicandi
737 3213 893 3280 rationem
926 3214 998 3278 iniit
1029 3213 1202 3280 Clemmius
1235 3214 1456 3289 „Studiorum“

334 3313 399 3376 vol.
416 3311 502 3391 VIII,
524 3331 556 3393 p.
575 3315 624 3390 11,
649 3308 702 3374 ubi
717 3311 856 3392 dupe-ua
875 3331 916 3377 ex
932 3312 1142 3377 slmilitudine
1156 3310 1245 3376 verbi
1268 3313 1457 3375 itt-crescere

334 3428 355 3472 a
385 3408 531 3472 breviore
561 3407 660 3490 stirpe
686 3429 725 3490 pe
754 3409 935 3491 derivatur,
966 3429 1049 3490 quae
1077 3408 1233 3473 vocabulo
1261 3410 1457 3493 in-di-pe-tes

333 3505 454 3570 subest.

419 3604 470 3667 De
491 3602 639 3666 vocabuli
661 3623 769 3666 recens
792 3604 924 3686 origine,
948 3605 1033 3685 quod
1061 3622 1216 3687 promam,
1239 3602 1320 3667 nihil
1344 3605 1454 3671 habeo.

417 3699 448 3761 2.
474 3696 692 3762 Substuuttbu:

408 3795 508 3877 sons:
535 3796 570 3860 in
598 3795 694 3878 hujus
719 3796 867 3861 vocabuli
896 3799 1053 3881 originem
1082 3798 1329 3880 diligentissime
1357 3797 1454 3881 inqui-

333 3893 407 3959 sivit
430 3892 604 3959 Oorssenus
628 3894 687 3975 (1²,
714 3896 784 3958 158.
808 3896 886 3977 8013
917 3895 982 3978 112,
1010 3898 1086 3978 1773
1109 3896 1201 3961 beitr.
1224 3899 1304 3978 2153
1333 3898 1450 3961 nachtr.

333 3994 423 4074 234);
450 3992 585 4057 accessit
606 3991 649 4057 ad
672 3991 742 4074 ejus
764 3992 957 4057 sententiam
981 3993 1107 4058 Curtius
1136 3992 1298 4075 (grundz.4
1320 4014 1353 4076 p.
1372 3998 1451 4057 toll.

331 4088 392 4154 Ille
416 4089 501 4153 enim
517 4089 628 4154 vocab.
642 4088 726 4171 sons
749 4107 820 4155 esse
841 4096 943 4154 ortum
966 4110 1007 4155 ex
1028 4088 1201 4173 *soc-out·
1222 4097 1342 4172 censet,
1366 4090 1450 4173 cujus

330 4184 426 4268 stirps
445 4184 509 4267 sou
532 4187 621 4269 (sou)
644 4193 739 4251 aucta
769 4193 878 4252 estex
901 4187 1039 4271 simplici
1062 4190 1161 4271 stirpe
1172 4187 1236 4270 su,
1265 4196 1302 4253 ut
1328 4206 1447 4271 graeca,

330 4300 465 4363 quacum
488 4282 642 4366 congruit,
664 4307 720 4364 χευ
743 4279 890 4363 (gite-or,
914 4285 971 4350 fut.
992 4283 1130 4365 χεύ-σω)
1152 4303 1193 4350 ex
1212 4308 1251 4364 χυ
1274 4282 1446 4368 (dxi-tp,
