3575 5334
416 734 478 797 394
906 737 1051 792 Bechstein

415 912 527 993 ltaque
550 911 608 973 illa
629 928 765 991 quoque,
788 907 829 973 de
851 910 965 990 quibus
988 915 1036 973 est
1051 911 1206 990 quaestio,
1229 912 1389 977 voeabula
1410 914 1539 977 anomi-

415 1009 509 1073 nibus
538 1008 570 1071 iu
600 1028 619 1069 u
649 1006 795 1071 derivata
824 1025 895 1073 esse
927 1006 1035 1089 colligi
1067 1007 1177 1088 liquet.
1222 1007 1439 1090 Coujeoerunt
1471 1031 1535 1076 eam

416 1125 481 1170 rem
512 1104 689 1169 Corssenns
718 1111 750 1167 et
779 1102 907 1169 Curtius
943 1104 984 1169 de
1016 1105 1199 1170 nominibus
1228 1116 1392 1169 autumnus
1421 1115 1453 1173 et
1483 1108 1537 1171 Cli-

416 1214 547 1265 tumnus.

502 1301 550 1363 Ex
566 1300 680 1380 quibus
698 1296 868 1361 Clitumnus
889 1307 1020 1382 propter
1041 1319 1088 1380 gr.
1106 1296 1216 1375 κλιτές
1237 1299 1281 1364 ad
1303 1322 1423 1368 nomen
1445 1304 1537 1386 quod·

416 1399 489 1462 dam
512 1396 628 1459 *olitu-
649 1397 811 1481 pertinere
832 1396 986 1477 vidimus3
1010 1415 1115 1477 neque
1129 1416 1206 1461 vero
1225 1418 1342 1464 nomen
1364 1401 1411 1465 ita
1433 1408 1536 1466 natum

415 1516 501 1575 esse,
530 1502 565 1559 ut
593 1495 684 1577 stirpi
710 1495 772 1577 ipsi
801 1493 917 1556 *olitu-
945 1492 1092 1558 suffixum
1114 1514 1201 1556 mno·
1222 1496 1479 1581 subjungeretur,
1506 1505 1537 1562 ut

415 1592 591 1658 Corsscnus
613 1598 731 1673 censet,
755 1591 802 1657 eis
823 1592 992 1674 probatur,
1022 1610 1104 1674 quae
1126 1591 1209 1655 inira
1232 1593 1272 1658 de
1294 1595 1435 1662 nominis
1457 1597 1537 1659 culu-

414 1694 497 1754 mm'u
531 1690 654 1754 ratione
685 1689 887 1755 notabuntur.
932 1688 998 1754 Sed
1026 1689 1131 1772 potius
1163 1687 1333 1753 Clitumnus
1361 1699 1465 1757 ortum
1492 1699 1537 1758 est

415 1808 456 1853 ex
478 1785 771 1858 *Clitum-monuo,
800 1784 886 1851 unde
909 1807 928 1847 u
951 1794 984 1851 et
1012 1807 1031 1849 o
1052 1787 1240 1852 contractis:
1280 1786 1470 1852 Clito-mnus
1496 1791 1536 1854 fa·

414 1892 499 1949 ctum
522 1892 580 1950 est.
602 1920 645 1929 -
673 1884 758 1948 Num
781 1892 944 1945 autumnus
966 1904 1092 1966 quoque
1108 1885 1221 1949 eodem
1244 1886 1340 1950 modo
1363 1894 1467 1952 ortum
1489 1888 1535 1962 sit,

416 1983 543 2048 decerni
573 2001 638 2046 non
668 1986 789 2064 potest,
823 1982 975 2061 quoniam
1004 2002 1108 2064 neque
1136 1982 1261 2055 *uunu-,
1291 2002 1398 2065 neque
1426 1984 1535 2047 *outo-

413 2080 511 2163 stirps
533 2086 661 2144 servata
683 2086 741 2144 est.

500 2178 549 2241 Ab
580 2177 641 2241 hau
668 2195 745 2241 vero
776 2176 901 2241 ratione
933 2176 1122 2242 abhorrent:
1160 2175 1335 2249 Ib’luurnus,
1369 2178 1534 2260 pilumnoe,

413 2274 599 2345 Ratumenu,
629 2272 804 2345 Vitumnus,
832 2291 915 2354 quae
937 2272 979 2336 ad
1002 2275 1133 2338 nomina
1154 2274 1188 2337 in
1211 2292 1230 2334 0
1252 2281 1414 2355 spectant:
1446 2276 1534 2359 pilo,

413 2371 523 2435 *ruto-
546 2373 653 2448 (rota),
676 2369 762 2433 *ulto
787 2371 884 2448 (nitu).
917 2372 1029 2453 Itaque
1049 2371 1199 2452 quoniam
1223 2372 1349 2453 priseae
1370 2372 1536 2438 latinitatis

414 2490 432 2532 o
448 2478 560 2553 postca
574 2469 607 2532 in
623 2488 643 2529 u
654 2467 793 2548 transiit,
807 2466 867 2531 illa
881 2468 1013 2532 nomine
1027 2468 1264 2552 conjugationis
1278 2468 1312 2533 in
1327 2489 1363 2530 o·
1377 2470 1534 2544 latinae⁶³t

412 2568 537 2649 reliqua
560 2572 687 2631 exstare
709 2565 777 2629 veri
801 2571 850 2629 est
871 2565 1078 2629 simillimum.
1105 2602 1147 2613 —
1174 2566 1227 2631 Sic
1250 2566 1428 2648 plumam,
1451 2570 1535 2631 Pilu-

413 2684 501 2726 mnus
534 2682 568 2727 re
603 2680 682 2725 vera
718 2661 920 2744 participium
956 2662 1045 2726 verbi
1081 2661 1315 2728 denominativi
1349 2662 1384 2727 in
1421 2674 1536 2729 -orea

412 2760 511 2842 stirpe
532 2760 565 2822 in
581 2778 617 2819 o:
644 2757 728 2840 pilo·
745 2758 873 2823 deducti
896 2763 938 2835 (v.
955 2756 1041 2823 (lurt.
1059 2759 1130 2833 ll.)
1153 2760 1338 2825 habendum
1355 2770 1415 2828 est.
1450 2764 1533 2829 Idem

413 2857 501 2921 valet
524 2856 564 2921 de
586 2856 699 2921 ceteris
720 2856 922 2921 nominibus:

497 2953 674 3016 Rotumeuu
700 2974 758 3036 pro
781 2952 999 3017 *Rutu-meno
1019 2974 1040 3018 a
1063 2952 1198 3017 *tutore
1220 2954 1344 3033 (*ruto·
1367 2956 1407 3021 of.
1430 2970 1536 3022 roben-

411 3050 469 3114 tlus
491 3051 578 3116 Curi.
601 3051 622 3114 l.
646 3051 667 3114 l.
693 3072 724 3134 p.
749 3054 809 3113 277
826 3055 897 3132 sq.).

503 3150 662 3213 Vitumnus
683 3169 740 3232 pro
763 3147 1000 3211 *Vite-menos
1021 3169 1042 3213 a
1064 3147 1188 3211 *veura
1210 3146 1349 3226 (*oito-).

496 3246 560 3312 Sed
583 3266 624 3311 ne
647 3247 717 3328 quis
739 3246 920 3327 arbitretur,
949 3247 1008 3312 illa
1035 3247 1136 3311 verba
1164 3245 1410 3314 denominativa
1432 3252 1538 3316 omnia

409 3346 443 3409 in
465 3365 525 3410 usu
546 3344 661 3423 fuisse,
690 3341 759 3408 fieri
787 3345 930 3426 potuisse
954 3363 1083 3425 moneo,
1112 3349 1147 3408 ut
1174 3343 1332 3410 nonnulla
1361 3348 1534 3413 seeundum

409 3442 536 3507 illorum
565 3442 748 3522 analogiam
769 3440 815 3505 ita
837 3442 1059 3522 formarentur,
1088 3448 1124 3505 ut
1153 3441 1258 3505 vocali
1279 3462 1300 3503 u
1322 3462 1394 3508 cum
1424 3444 1536 3511 suffixo

409 3558 513 3602 -meno
529 3538 622 3621 quasi
637 3539 837 3605 coalescente
852 3539 1000 3604 suffixum
1022 3558 1173 3611 -umenur,
1198 3544 1345 3617 (umnun
1369 3561 1442 3606 unm
1457 3544 1535 3627 ipsis

409 3637 590 3703 nominibus
618 3635 873 3718 conjungeretur.
920 3636 1020 3718 Cujus
1041 3635 1176 3701 rationis
1198 3655 1294 3716 quum
1312 3636 1383 3718 jam
1406 3643 1534 3725 saepius

408 3734 494 3800 lacta
515 3734 556 3800 sit
584 3733 720 3815 mentio,
749 3733 791 3798 ad
820 3753 860 3798 ea
882 3734 1052 3817 delegasse
1073 3733 1151 3799 satis
1173 3733 1294 3815 habeo,
1324 3753 1409 3815 quae
1438 3758 1532 3823 supra

409 3836 449 3913 (p.
474 3834 533 3896 371
552 3835 633 3913 sqq.)
660 3830 702 3896 de
723 3830 906 3897 nominibus
928 3832 961 3896 in
984 3831 1121 3894 -ulentus
1142 3839 1217 3895 sunt
1238 3840 1427 3898 memorata.

493 3927 662 4010 Superest,
684 3937 720 3993 ut
742 3928 783 3995 de
804 3929 961 3994 vocabulo
983 3928 1123 4011 quodam
1145 3947 1249 4010 pauca
1268 3927 1420 4011 afferam,
1440 3931 1532 4016 eujus
1563 3951 1567 3958 ·

407 4026 488 4090 ratio
504 4046 524 4090 a
539 4030 717 4091 ceterorum
739 4026 931 4091 formatione
953 4026 1081 4091 diversa
1103 4031 1161 4090 est.
1192 4026 1317 4091 Nomen
1341 4024 1429 4092 dico:
1453 4027 1531 4111 sur-

407 4124 549 4185 ur‘minum
571 4123 592 4187 i.
616 4143 644 4187 e.
672 4143 774 4205 genus
795 4124 897 4187 morbi
917 4122 952 4188 in
969 4123 1142 4206 jumentis,
1171 4121 1257 4203 quod
1286 4124 1387 4189 semel
1416 4126 1530 4209 legitur

478 4334 509 4399 δ3)
527 4334 569 4389 De
586 4350 641 4403 qua
659 4335 767 4404 scripsit
785 4334 894 4390 Curtius
911 4334 939 4388 in
958 4334 1047 4405 Symb.
1064 4334 1130 4403 phil.
1148 4334 1280 4390 bonnens.
1297 4352 1325 4404 p.
1343 4339 1390 4389 271
1403 4351 1461 4406 sqq.
