3575 5334
470 714 503 769 de
520 712 673 767 nominibus
690 712 851 769 suffixorum
869 717 925 767 ent·
942 718 969 767 et
986 713 1071 767 mino·
1090 728 1141 782 ope
1157 712 1289 769 formatis.
1384 710 1445 773 361

410 886 447 950 Β.
481 884 621 949 Nomina
660 887 693 949 in
732 906 786 947 ens
817 885 999 951 desinentia
1033 906 1054 950 a
1086 885 1269 950 nominibus
1303 885 1449 952 derivata

323 1003 428 1067 pauca
449 987 537 1047 sunt:

408 1089 554 1164 proten:
586 1078 721 1168 proprie
742 1084 825 1162 part.
851 1080 943 1145 verbi
964 1077 1115 1164 *protere
1143 1099 1163 1144 a
1192 1080 1349 1145 substant.
1367 1101 1448 1163 pno-

323 1190 389 1242 tnm
421 1175 569 1260 profecti:
615 1175 721 1241 vireta
751 1198 782 1258 p.
815 1175 836 1239 i.
866 1196 895 1241 e.
932 1197 963 1240 v.
998 1176 1083 1259 prati
1117 1177 1254 1243 colorem
1291 1178 1447 1259 gerentia.

323 1276 420 1360 Apul.
444 1274 519 1338 Met.
544 1276 573 1354 8,
600 1277 638 1339 18
662 1272 711 1355 ed.
735 1272 881 1338 Hildebr.
905 1274 974 1349 (alii
995 1276 1123 1355 legunt:
1144 1279 1277 1358 pateres.)

407 1372 513 1455 piens:
536 1376 617 1451 part.
639 1370 729 1435 verbi
746 1372 838 1448 piene
860 1392 880 1436 a
900 1373 954 1454 pio
978 1370 1124 1453 derivati,
1147 1371 1338 1436 vocabulum
1360 1371 1448 1436 haud

321 1472 369 1535 ita
391 1469 559 1548 usitatum,
588 1467 629 1532 ab
651 1468 812 1549 adjectivo
839 1470 913 1552 pins
934 1467 1166 1551 significatione
1188 1490 1253 1533 non
1276 1468 1447 1534 diversum.

323 1566 455 1649 Legitur
488 1567 522 1629 in
553 1565 813 1648 inscriptionibus
845 1572 987 1644 tantum,
1024 1568 1069 1631 sio
1099 1586 1198 1649 puero
1234 1566 1319 1630 bono
1346 1568 1451 1649 pienti

324 1664 360 1729 G.
384 1665 409 1727 Ι.
431 1665 468 1727 L.
490 1662 550 1744 III,
577 1665 674 1744 15313
697 1669 847 1745 parentes
865 1664 988 1745 pientes
1008 1664 1088 1728 ibid.
1113 1662 1150 1743 V,
1174 1666 1236 1729 368
1258 1664 1300 1726 al.
1323 1698 1366 1708 —
1388 1664 1449 1728 Ve-

323 1782 393 1826 rum
422 1759 509 1825 haud
540 1779 612 1824 raro
645 1759 801 1843 reperitur
836 1762 989 1842 superlat.
1021 1760 1234 1844 pientissimus
1266 1760 1316 1836 (ci.
1346 1761 1447 1840 Neue,

322 1858 469 1923 formenl.
499 1857 563 1936 112,
594 1877 625 1938 p.
652 1861 709 1921 115
726 1862 795 1938 sq.).
848 1856 933 1935 Quid
962 1858 1088 1922 intersit
1115 1857 1198 1923 inter
1225 1857 1309 1921 hauc
1337 1877 1448 1922 vocem

320 1958 405 2041 pio·,
430 1956 549 2037 pient-,
580 1974 649 2036 sup.
670 1955 886 2037 pientissimo·
917 1960 949 2018 et
970 1953 1132 2035 adjectiva
1153 1955 1187 2017 iu
1210 1953 1321 2037 ·fioo·,
1345 1973 1448 2039 comp.

323 2054 498 2139 -fieentior,
521 2071 591 2134 sup.
614 2051 842 2136 florentissimo·
865 2070 907 2116 ex
928 2050 974 2116 eis
990 2056 1143 2132 apparet,
1167 2071 1250 2133 qnae
1271 2073 1302 2134 p.
1323 2056 1385 2117 350
1401 2073 1448 2135 sq.

324 2150 411 2216 diota
440 2154 523 2213 sunt.

410 2246 480 2311 Hoc
501 2248 571 2310 loco
594 2245 731 2310 nominis
753 2246 873 2328 proprii
902 2245 1014 2329 Vejens
1035 2244 1154 2310 mentio
1176 2242 1246 2323 fiat,
1276 2243 1361 2325 quod
1384 2267 1449 2310 non

323 2345 388 2411 alio
411 2343 506 2408 modo
529 2364 549 2408 a
570 2343 699 2408 nomine
720 2342 808 2407 urbis
830 2343 902 2427 Veji
921 2350 1035 2407 natum‘
1048 2341 1175 2406 videtur
1195 2360 1275 2423 esse,
1302 2361 1341 2406 ec
1357 2344 1450 2425 pieres

323 2462 344 2507 a
361 2443 445 2525 pio.
480 2439 560 2504 Dico
582 2441 678 2522 igitur
699 2438 811 2523 Vejens
833 2460 903 2505 esse
926 2446 1008 2522 part.
1023 2439 1115 2504 verbi
1136 2438 1302 2520 cujusdam
1319 2437 1449 2523 *oejene

322 2540 344 2604 i.
364 2559 392 2604 e.
415 2538 505 2622 Vejis
528 2557 609 2618 esse,
632 2538 789 2617 habitare,
812 2537 899 2603 unde
922 2536 1033 2620 Vep‘ens
1055 2541 1103 2600 est
1119 2533 1271 2615 Vejorum
1292 2536 1448 2613 incola¹⁴).

399 2630 401 2634 ’
409 2636 565 2719 procilens
579 2635 737 2717 aprocili-
750 2635 802 2700 vel
816 2636 954 2716 procilo-
970 2634 1021 2710 (ci.
1036 2633 1137 2713 Neue,
1153 2631 1299 2697 formenl.
1312 2633 1376 2713 112,
1390 2638 1448 2699 87:

314 2733 484 2818 gracilae:
517 2734 646 2797 Terent.
673 2733 756 2796 Eun.
781 2736 817 2812 2,
842 2735 877 2813 3,
902 2736 953 2797 23.
981 2730 1120 2812 gracile:
1153 2729 1255 2794 Lucil.
1283 2749 1334 2813 ap.
1365 2732 1448 2795 Non.

325 2852 358 2915 p.
375 2834 450 2907 489)
473 2829 558 2895 idern
582 2827 666 2910 quod
687 2828 835 2910 prosilis:
857 2830 961 2894 Naev.
984 2848 1037 2909 ap.
1060 2827 1269 2908 Non.116,8
1292 2827 1342 2904 (of.
1359 2829 1448 2893 verb.

323 2927 466 2993 inchoat.
487 2927 708 3010 praeite-scere
729 2927 888 2992 Ammien.
916 2931 963 3008 17,
987 2931 1024 3006 43
1048 2926 1098 3004 22,
1125 2926 1185 2998 15).

407 3025 558 3109 pestilens
585 3043 606 3087 a
629 3025 759 3107 pestiii-
791 3024 923 3100 (Arnob.
956 3027 988 3101 1,
1019 3024 1070 3096 20)
1099 3018 1119 3086 i.
1148 3038 1176 3082 e.
1207 3026 1330 3102 pestem
1359 3023 1450 3102 quasi

326 3123 511 3203 continens,
535 3126 570 3184 ut
591 3120 678 3185 locus
700 3140 732 3202 p.
756 3120 831 3197 Cic,
854 3119 952 3184 aedes
977 3138 1008 3199 p.
1033 3116 1107 3193 (tia,
1136 3135 1251 3181 munus
1272 3136 1308 3198 p..
1326 3117 1396 3180 Liv.
1405 3119 1448 3194 ¹⁵).

412 3219 578 3285 Accedunt
600 3217 755 3299 singulari
778 3216 917 3299 quadam
939 3213 1143 3279 formatione:

396 3419 424 3481 ¹⁴)
444 3417 503 3485 Qua
519 3418 549 3470 in
566 3431 596 3471 re
611 3416 703 3471 facere
713 3433 768 3471 non
785 3432 905 3485 possum,
924 3415 989 3484 quin
1006 3411 1201 3480 aliaquaedam
1211 3412 1320 3466 nomina
1337 3414 1449 3482 proprie

327 3503 435 3553 exstare
452 3513 669 3562 commemorem,
692 3513 760 3567 quae
782 3496 880 3551 suffixo
904 3502 949 3551 ent
970 3494 1088 3549 formata
1106 3498 1177 3547 sunt.
1212 3493 1256 3546 Ad
1276 3509 1369 3548 eorum
1386 3510 1448 3549 vero

328 3577 458 3647 originem
475 3578 672 3641 illustrandam,
691 3593 773 3646 quum
785 3577 850 3631 nihil
867 3577 991 3643 habeam,
1010 3575 1082 3644 quod
1091 3573 1236 3639 conferam,
1254 3576 1399 3629 annotasse
1417 3589 1450 3628 ea

327 3659 395 3715 satis
413 3657 514 3712 habeo:
849 3728 851 3731 Ι

396 3737 507 3793 Picens:
527 3738 584 3805 agri
601 3737 696 3792 Piceni
712 3736 812 3793 incola.

396 3817 534 3872 Laurens:
556 3819 688 3873 Laurenti
702 3817 776 3873 urbis
790 3816 880 3871 incola
898 3816 941 3882 (de
959 3816 1046 3870 subet.
1062 3814 1231 3869 Laurentum
1248 3813 1319 3868 infra
1336 3820 1450 3882 agetur).

402 3896 501 3968 Ufens:
527 3898 603 3954 fluvii
624 3914 733 3953 nomen:
762 3895 795 3949 de
818 3896 943 3950 vocabuli
967 3896 1070 3963 origine
1093 3895 1298 3949 accuratissime
1320 3897 1451 3962 quaesivit

330 3978 479 4033 Corssenus
504 3978 542 4040 1²,
569 3984 625 4032 151.
653 3983 716 4039 353;
746 3977 825 4031 beitr.
852 3980 915 4043 1993
943 3975 1048 4029 nechtr.
1074 3980 1132 4029 203.
1155 3979 1217 4028 204:
1244 3974 1366 4044 ejusdem
1392 3992 1452 4031 esse

329 4057 422 4128 stirpis
440 4058 575 4127 opinatur,
594 4062 676 4127 atque
689 4058 768 4113 nii-er
785 4056 830 4123 (cf.
848 4056 945 4126 ruf-ns
963 4061 991 4111 et
1011 4055 1124 4121 rui-er),
1142 4059 1174 4109 ut
1193 4053 1277 4124 Ufens
1295 4055 1330 4108 sit
1345 4053 1451 4120 fluvius,

331 4138 376 4207 qui
393 4153 489 4207 agrum
505 4139 616 4193 uberem
632 4138 736 4193 reddat.
846 4195 848 4199 ,

403 4217 499 4273 Utens:
516 4217 591 4273 fluvii
607 4234 712 4274 nomen.

399 4300 426 4364 ¹⁵)
444 4298 597 4353 Deformis
614 4298 791 4370 prenitentes,
803 4296 975 4368 pestilentes,
993 4302 1056 4367 post
1074 4295 1186 4349 dicetur.
