3575 5334
480 724 512 778 de
529 727 684 783 nominibus
702 729 862 785 suffixorum
879 742 936 787 eur·
954 738 981 788 et
997 737 1082 792 mino·
1100 753 1151 807 ope
1168 740 1300 797 formatis.
1400 746 1466 807 355

425 900 450 959 1.
472 897 613 963 Primum
645 901 789 968 obtineat
816 905 921 970 locum
951 905 1124 974 latinorum
1153 914 1317 978 nominum
1346 931 1378 983 et
1404 920 1460 984 ad·

330 993 522 1075 jectivorum
551 1002 583 1061 et
605 997 874 1065 substantivorum
897 1022 1017 1085 magna
1038 1007 1146 1089 copia,
1176 1030 1258 1091 quae
1279 1012 1384 1078 suffixi
1406 1027 1461 1079 -to

335 1095 432 1165 (nom.
462 1102 548 1171 -tus,
578 1104 647 1167 -rn,
677 1101 774 1174 -tumt
809 1118 870 1182 ope
898 1100 1034 1166 formata
1061 1105 1300 1189 participiorum
1328 1112 1463 1193 perfecti

335 1189 474 1271 speciem
498 1191 706 1271 praebent¹¹).

417 1285 472 1351 Sic
493 1286 535 1350 ad
559 1287 657 1353 verba
679 1289 921 1357 denominativa
943 1296 976 1360 in
999 1318 1019 1360 c
1041 1301 1122 1378 (cre)
1144 1308 1306 1383 spectant:

375 1381 493 1464 adjeci.
516 1395 666 1456 ausc-tus,
689 1408 710 1452 a
732 1389 888 1454 substant.
919 1413 1004 1455 auso.

429 1514 442 1524 ·
517 1492 672 1557 auru-tus,
811 1521 826 1534 -
922 1510 1033 1552 curum
1056 1498 1176 1574 (auro-J

427 1612 441 1622 ·
506 1577 678 1659 sulcu-tus,
810 1618 823 1629 -
908 1584 995 1666 sale
1017 1587 1127 1671 (lale-t

427 1709 440 1719 -
517 1687 689 1750 arcuo-tus,
812 1715 825 1725 -
920 1704 1014 1747 orcus
1036 1690 1152 1765 (urea)

425 1806 439 1817 ·
511 1773 690 1854 crude-tus,
807 1811 822 1824 -
912 1782 1032 1862 yrndus
1053 1784 1194 1866 (gradu)

423 1905 437 1915 ·
513 1870 658 1952 olba-tus,
688 1873 731 1938 ab
753 1873 871 1956 adjeet.
917 1878 1005 1942 albus
1026 1881 1136 1957 (albo-t

424 2000 438 2013 -
513 1978 694 2041 uetera-tus,
803 2006 817 2017 ·
910 1984 997 2038 vetus
1019 1988 1138 2049 (cetea,
1162 1983 1274 2057 verm-J

513 2067 763 2141 decemuiro-tus,
787 2089 808 2133 a
829 2071 987 2136 substant.
1011 2074 1167 2137 decemuir
1189 2078 1302 2153 (ciro-t

425 2196 439 2208 -
515 2164 715 2236 consula-lus,
903 2203 917 2215 -
1013 2172 1123 2234 coruul

425 2295 439 2305 ·
514 2262 724 2335 secunda-tus,
748 2264 789 2328 ab
811 2263 929 2347 adjeci.
952 2268 1104 2331 secundus
1125 2271 1298 2347 (secunda)

425 2392 439 2402 -
514 2368 719 2433 matronatus,
743 2381 764 2425 a
785 2363 942 2429 substant.
965 2374 1118 2429 matrona.

411 2454 464 2519 Ad
485 2456 585 2521 verba
606 2457 639 2520 in
662 2458 675 2517 i
695 2458 785 2535 ticet·

370 2551 486 2635 adjeet.
507 2551 657 2636 pelle-tus,
683 2574 703 2618 a
725 2555 881 2621 substant.
900 2557 996 2641 pellis
1017 2561 1130 2642 (pelli-t

421 2684 435 2694 -
511 2660 634 2723 uui-tus,
800 2688 814 2698 -
901 2676 977 2717 avus
999 2660 1096 2733 (uuo)

420 2781 434 2792 ·
509 2747 667 2820 melli-tus,
799 2784 813 2795 ·
899 2753 962 2814 mel
982 2754 1093 2831 (mell·)

409 2844 461 2908 Ad
482 2846 583 2909 verba
602 2845 637 2909 in
660 2866 679 2907 u
701 2850 815 2924 (ιιιενο).Ι

367 2940 483 3023 adject.
507 2952 652 3021 astu-tus,
675 2964 696 3009 a
718 2944 874 3011 substant.
897 2951 1113 3025 astatoria)

419 3073 432 3084 -
509 3050 662 3118 ausu-tus,
791 3078 805 3090 -
890 3064 985 3106 unsar
1006 3050 1123 3122 (ausa)

408 3137 459 3201 Ad
482 3138 581 3202 verba
603 3139 636 3202 in
660 3159 678 3200 0
701 3144 794 3218 (²⁸¹irc
813 3170 857 3191 νε
878 3146 956 3217 οω).·

366 3231 483 3315 adjoot.
506 3243 676 3317 scyri-tus,
700 3238 742 3301 ab
764 3236 882 3318 adject.
905 3258 1000 3320 ueqer
1022 3242 1158 3320 (seqre)

366 3332 464 3397 subst.
487 3331 657 3406 Nudo-tus,
680 3354 702 3399 a
722 3334 880 3400 substant.
902 3334 1001 3396 nodus
1023 3335 1143 3411 (nodo-t

407 3428 460 3493 Ad
482 3429 582 3494 verba
604 3431 636 3494 in
660 3451 677 3492 e
701 3435 795 3508 (ere):

367 3524 466 3590 subst.
490 3525 678 3600 arboretam,
701 3548 722 3593 a
743 3529 902 3595 substant.
924 3526 1022 3590 arbor

419 3654 433 3666 -
490 3622 646 3702 buxetum,
822 3660 836 3672 -
922 3624 1025 3687 bueus
1045 3624 1170 3702 (oceo-J

418 3753 432 3765 ·
486 3730 702 3802 cupressorum,
824 3757 839 3769 ·
924 3742 1089 3805 cupressus

419 3851 433 3863 -
488 3828 674 3902 quercetum,
828 3853 842 3865 -
928 3839 1061 3903 quercus
1081 3820 1249 3902 (quercu-t

338 3998 341 4003 Ι
407 3912 530 3993 Quibus
557 3915 739 3981 nominibus
768 3935 852 3998 quae
874 3934 892 3981 e
914 3916 1024 3998 lingua
1051 3916 1241 3997 vernacula,
1268 3933 1333 3996 qua
1358 3936 1444 3982 nuno

392 4083 418 4143 ¹¹)
436 4079 468 4132 In
492 4078 560 4133 haee
584 4080 693 4134 nomina
716 4080 917 4148 diligentissime
939 4076 1079 4150 inquisivit
1102 4079 1256 4148 nuperrime
1275 4078 1444 4151 Georqius

325 4158 493 4214 Bordellc'
506 4157 535 4213 in
553 4157 749 4225 dissematione
768 4174 848 4228 quam
866 4158 975 4227 scripsit
994 4159 1044 4223 „de
1060 4158 1167 4228 linguae
1184 4158 1285 4213 latinae
1301 4154 1443 4227 adjectivis

325 4238 423 4293 suffixo
447 4245 493 4293 -to
511 4252 528 4291 a
545 4238 700 4303 nominibus
724 4238 878 4293 derivatis.
914 4239 985 4307 aaa,
1006 4244 1038 4293 ut
1055 4239 1127 4294 hanc
1145 4238 1443 4296 commentatiunculam

326 4320 470 4374 scriberem
485 4324 634 4374 commotus
651 4318 752 4387 gratia
770 4319 857 4375 habeo
875 4318 981 4373 auctori
998 4318 1138 4373 maximas.
