3575 5334
630 730 662 784 de
681 730 796 785 dialecto
814 731 907 785 Attica
924 731 1078 786 vetustiore.
1112 731 1147 784 II.
1388 731 1449 791 415

329 903 473 969 eiusdem
500 904 627 985 generis
655 905 719 969 iam
742 902 921 985 Curtius,
951 902 1041 968 Stud.
1065 903 1114 983 II,
1144 924 1175 985 p.
1198 908 1260 968 450
1289 922 1330 970 ex
1358 906 1450 969 titulo

329 1001 468 1085 quodam
490 1001 664 1083 Tegeatieo
686 993 781 1082 (Ἀρχ.
807 998 903 1085 impp.
930 1002 1022 1079 1869,
1045 1020 1075 1083 p.
1100 1005 1174 1077 344)
1197 1000 1313 1080 attulit,
1337 996 1451 1066 ἀνελό-

330 1103 416 1163 σθω.
460 1119 535 1163 nam
558 1122 574 1159 ν
597 1098 721 1162 literam
750 1098 881 1163 finalem
903 1098 937 1162 in
960 1098 1078 1163 talibus
1105 1097 1215 1167 formis
1242 1097 1361 1163 nullius
1386 1119 1452 1163 mo·

329 1196 444 1276 menti,
473 1194 531 1261 sed
559 1195 638 1260 satis
659 1196 779 1259 recenti
801 1201 909 1260 aetate
938 1193 1160 1260 dissimulandi
1188 1214 1286 1260 eausa
1306 1194 1451 1260 additam

330 1311 399 1358 esse
422 1292 476 1374 qni
504 1312 616 1375 parum
646 1292 806 1374 cognitum
836 1293 950 1371 habet,
980 1311 1051 1357 eum
1078 1311 1105 1358 e.
1128 1312 1159 1374 g.
1182 1290 1225 1358 ad
1248 1291 1450 1371 Ahrensium‚

330 1391 405 1455 dial.
429 1392 505 1455 Dor.
534 1410 564 1471 p.
590 1392 651 1455 298
680 1396 712 1454 et
740 1388 783 1453 ad
806 1387 963 1469 Curtium,
993 1390 1177 1466 „Verbum“
1199 1390 1231 1470 I,
1257 1410 1289 1473 p.
1315 1393 1371 1453 101
1397 1389 1452 1454 ab·

330 1488 412 1569 logo.
457 1506 519 1569 qua
541 1505 576 1551 re
598 1486 693 1551 etiam
717 1484 751 1552 O.
774 1485 795 1550 i.
819 1486 855 1550 Α.
880 1488 921 1552 78
944 1492 1048 1551 utrum
1074 1484 1220 1568 χρώσθω
1242 1486 1386 1569 legamus
1408 1505 1451 1551 an

331 1611 347 1648 ν
369 1586 460 1650 unois
481 1582 637 1649 inolusam
659 1580 827 1666 addamus,
850 1585 981 1666 paulum
1004 1584 1145 1651 interest.
1189 1583 1344 1667 pristinae
1365 1584 1452 1648 enim

330 1682 571 1748 terminationes
593 1680 646 1758 (de
668 1680 783 1763 quibus
805 1680 843 1745 ei.
868 1679 1009 1745 Curtium
1032 1682 1067 1745 ll.
1089 1682 1137 1753 ll.)
1161 1680 1288 1746 inerunt
1309 1684 1451 1758 -εττω(τ)

329 1780 363 1843 in
385 1778 540 1860 singulari
563 1784 596 1843 et
616 1782 782 1852 -ovoaor'tat
811 1778 845 1841 in
868 1778 985 1862 plurali
1008 1797 1155 1856 numero,
1179 1777 1265 1842 unde
1287 1797 1306 1843 e
1328 1777 1454 1859 legibus

328 1877 461 1959 linguae
483 1875 626 1942 Graecae
647 1875 752 1940 laetae
774 1881 847 1939 sunt
860 1878 972 1938 -έσθω
995 1880 1028 1939 et
1041 1872 1166 1939 -όσθω,
1196 1894 1329 1956 quarum
1351 1876 1454 1940 altera

331 1972 663 2053 duabus'rationibus,
686 1990 771 2053 quae
792 1971 876 2035 inter
892 1990 928 2036 se
950 1977 1061 2055 aperte
1082 1972 1265 2051 oohaerent,
1287 1972 1454 2037 immutata

331 2078 387 2139 ost.
434 2070 547 2137 Graeoi
576 2069 661 2135 enim
691 2088 760 2133 oum
786 2067 1001 2133 insuevissent
1021 2068 1056 2138 in
1077 2067 1141 2133 fine
1161 2068 1327 2133 tertiarum
1348 2087 1455 2151 perso-

331 2188 443 2234 narum
472 2166 606 2251 pluralis
634 2166 758 2231 numeri
787 2170 1056 2231 roonsonantem
1085 2165 1309 2248 pronuntiare,
1338 2162 1454 2229 -ὀσθω

332 2285 457 2348 quoque
484 2264 700 2330 terminationi
727 2264 811 2329 hano
837 2262 964 2329 literam
990 2268 1223 2344 apposuerunt,
1252 2283 1318 2330 non
1346 2272 1453 2333 tamen

330 2364 393 2445 ita,
427 2368 463 2427 ut
493 2381 559 2426 non
588 2359 743 2426 brevioris
773 2360 893 2425 formae
922 2359 1071 2441 exempla
1101 2358 1154 2424 hio
1184 2359 1250 2425 illio
1279 2369 1454 2428 servarent.

333 2460 445 2528 eodem
467 2466 573 2524 antem
595 2464 740 2542 tempore
761 2457 915 2539 analogia
929 2463 1105 2521 ueteranum
1126 2456 1297 2522 formarum
1318 2458 1455 2542 impera-

332 2558 389 2623 tivi
411 2556 494 2622 med.
518 2555 638 2636 effeoit,
662 2560 697 2619 ut
720 2577 737 2618 o
759 2554 873 2619 tertiae
895 2572 1053 2637 personae
1073 2554 1155 2638 plur.
1177 2555 1211 2619 in
1235 2579 1250 2620 s
1271 2562 1455 2637 mutaretur,

332 2655 429 2738 idque
452 2673 490 2720 eo
512 2653 651 2733 laoilius,
681 2650 767 2734 quod
789 2651 902 2715 addita
929 2651 989 2715 illa
1010 2676 1027 2713 ν
1050 2650 1138 2715 tinall
1166 2653 1256 2719 alind
1284 2657 1456 2723 discrimen
1523 2672 1525 2675 ·

333 2751 465 2835 pluralis
488 2756 520 2817 et
542 2751 712 2832 singularis
735 2767 937 2814 numerorum
959 2748 1140 2832 irrepserat.
1180 2758 1319 2818 oetemm
1340 2762 1457 2821 utram-

334 2869 395 2932 que
417 2848 625 2913 mutationem
655 2845 811 2929 paulatim
833 2846 950 2910 laetam
974 2863 1045 2911 esse
1068 2866 1172 2929 neque
1194 2852 1345 2935 exempla
1365 2851 1458 2917 mixti

333 2946 498 3012 ouiusdam
520 2944 646 3027 generis
669 2943 782 3009 deesse
803 2950 1053 3008 oonsentaneum
1076 2951 1133 3009 est.

419 3044 500 3108 haee
529 3042 719 3125 explicatio,
748 3059 843 3122 quam
866 3038 993 3105 Curtius
1019 3041 1160 3107 breviter
1187 3047 1312 3108 tantum
1340 3043 1458 3126 signifi·

334 3141 434 3222 eavit,
471 3139 546 3221 quin
579 3143 664 3203 reete
697 3157 732 3204 se
763 3136 884 3201 habeat
916 3136 1055 3201 dubitari
1088 3139 1142 3201 vix
1175 3139 1302 3222 poterit.
1356 3140 1458 3206 habes

334 3238 429 3320 igitur
452 3236 556 3301 denuo
579 3236 771 3301 illustratum
793 3233 923 3315 aliquod
953 3235 1135 3317 exemplum
1157 3235 1274 3317 falsae,
1308 3255 1391 3318 quae
1413 3237 1459 3302 di-

335 3336 424 3417 eitur,
447 3333 619 3414 analogiae
634 3331 731 3414 idque
747 3339 813 3397 tam
828 3336 948 3397 eertum
963 3350 1057 3412 quam
1081 3351 1184 3414 panea
1205 3332 1299 3397 huius
1321 3334 1458 3415 generis.

335 3452 410 3497 nam
440 3437 472 3497 et
499 3431 580 3495 ratio
613 3428 760 3494 imitandi
788 3428 957 3513 perspicua
985 3434 1034 3493 est
1066 3435 1098 3493 et
1130 3429 1343 3512 exemplaria,
1378 3450 1460 3513 quae

336 3548 449 3595 sensus
475 3528 607 3610 linguae
635 3533 761 3592 seeutus
792 3532 856 3606 est,
892 3524 970 3589 satis
998 3525 1099 3589 multa
1128 3532 1159 3590 et
1187 3526 1299 3608 gravia
1328 3534 1402 3592 sunt
1429 3534 1461 3594 et

336 3625 492 3691 nonnulla
520 3624 656 3707 vestigia
678 3623 798 3687 formae
828 3623 1010 3688 vetustioris
1033 3628 1168 3689 exstant.
1214 3622 1403 3705 quaequod
1427 3623 1460 3687 in

339 3722 462 3788 duabus
484 3721 630 3787 dialeotis
652 3721 735 3786 inter
757 3739 792 3785 se
813 3717 987 3785 admodum
1010 3720 1181 3804 separatis,
1211 3720 1329 3785 Dorioa
1354 3726 1386 3786 et
1407 3719 1461 3785 At·

337 3820 410 3902 tioa,
434 3825 562 3885 servata
584 3825 674 3900 sunt,
697 3817 785 3882 haud
809 3816 906 3881 dubie
928 3836 1003 3882 oasn
1024 3816 1152 3883 taotum‘
1165 3823 1222 3883 est.

423 3920 452 3981 3.
497 3914 610 3999 σῴζω
638 3916 771 3981 verbnm
794 3913 839 3980 sie
866 3932 925 3997 per
946 3936 972 3995 ῳ
995 3913 1197 3981 scribendum
1220 3932 1292 3980 esse
1314 3914 1368 3996 qui
1390 3934 1463 3979 oon-

337 4011 483 4095 tendunt,
506 4033 571 4078 non
591 4014 693 4078 solum
716 4010 926 4094 grammatica
947 4008 1122 4077 traditione
1138 4017 1280 4076 veterum
1303 4004 1335 4096 (ἦ
1352 4009 1463 4093 παρά-

340 4109 433 4184 δοσις
456 4108 520 4188 ἔχει
541 4108 580 4173 τὸ
604 4134 631 4187 ι,
662 4108 836 4175 Herodian.
858 4108 905 4188 II,
937 4109 1014 4187 586,
1039 4111 1096 4189 ta),
1125 4106 1184 4173 sed
1212 4108 1309 4174 etiam
1339 4108 1464 4174 ratione

340 4207 553 4290 etymologioa
586 4213 773 4289 argumento
804 4206 851 4270 uti
885 4210 1034 4288 possunt,
1072 4204 1099 4269 si
1132 4202 1262 4285 quidem
1296 4201 1389 4287 σῴζω
1423 4223 1464 4270 ex

340 4298 477 4380 *σωίζω
507 4303 623 4368 laetum
656 4324 727 4369 esse
754 4309 841 4368 reete
874 4306 1003 4385 putatur
1035 4310 1077 4375 tv.
1101 4300 1243 4381 Alrrens,
1278 4300 1355 4366 dial.
1386 4302 1463 4368 Dor.
1566 4344 1572 4359 ·

394 4402 506 4448 Guarrus,
528 4402 619 4443 Studien
633 4402 693 4443 VIII.
788 4427 791 4432 ·
1229 4402 1260 4451 21
