3575 5334
428 697 489 759 228
694 762 696 767 ,
949 700 1035 754 Cauer

426 898 500 941 curn
523 894 608 940 nova
630 874 797 939 literatura
819 873 852 937 in
875 872 1036 955 publicum
1061 892 1151 937 usum
1174 873 1379 955 reciperetur,
1410 873 1469 938 illa
1491 894 1556 937 mu·

428 975 507 1040 tatio
530 980 693 1053 tamquam
716 977 827 1036 sancta
850 976 881 1034 et
904 968 1091 1035 confirmata
1112 977 1170 1036 est.
1215 969 1347 1052 triginta
1369 971 1473 1049 enim,
1503 973 1555 1053 qui

427 1073 526 1153 vulgo
561 1070 722 1147 dicuntur,
762 1066 909 1152 tyrannis
943 1069 1107 1149 oppressis
1138 1087 1209 1132 cum
1243 1067 1355 1151 populi
1388 1068 1554 1151 imperium

355 1169 357 1173 ’
426 1169 565 1233 Athenis
588 1167 766 1231 restitutum
790 1173 890 1245 esset,
921 1166 1057 1232 Euclide
1082 1168 1236 1231 archonte
1258 1161 1469 1250 ἀναγραφεῖς
1491 1172 1555 1229 τῶν

429 1263 540 1347 νόμων
571 1264 687 1330 delecti
714 1269 804 1339 sunt,
835 1263 888 1345 qui
918 1270 1043 1329 veteres
1071 1264 1161 1347 leges
1182 1263 1340 1328 Draconis
1369 1270 1401 1328 et
1429 1263 1556 1329 Solonis

426 1363 611 1427 nominibus
633 1366 763 1426 ornatas
786 1367 818 1425 et
839 1380 946 1444 paene
967 1381 1076 1426 sacras
1098 1361 1320 1425 examinarent
1342 1367 1374 1425 et
1397 1360 1503 1426 denuo
1525 1362 1556 1425 in

428 1460 550 1524 tabulis
572 1457 711 1541 lapideis
733 1459 953 1523 inscriberent.
997 1460 1031 1522 in
1053 1478 1115 1540 quo
1138 1477 1194 1524 eos
1217 1478 1282 1523 non
1308 1459 1439 1542 propria
1461 1460 1556 1525 Athe·

430 1557 606 1636 niensium,
636 1555 693 1620 sed
716 1557 827 1621 Ionica
848 1555 1014 1621 literatura
1036 1556 1082 1620 uti
1104 1556 1244 1620 Archino
1267 1563 1397 1621 auctore
1420 1558 1556 1641 populus

430 1654 561 1730 iussit.¹)
607 1653 686 1717 baec
711 1653 806 1734 igilur
834 1653 1016 1733 literatura,
1048 1672 1131 1735 quae
1158 1672 1229 1718 cum
1257 1653 1455 1736 privatorum
1486 1674 1556 1719 con-

431 1750 599 1815 suetudine
621 1750 684 1813 iam
708 1757 783 1815 ante
806 1750 950 1816 Euclidis
972 1771 1092 1815 annum
1114 1758 1244 1835 recepta
1266 1754 1389 1831 esset2),
1415 1751 1495 1817 iude
1517 1754 1556 1818 ab

432 1849 494 1912 hoc
521 1855 665 1928 tempore
694 1847 788 1912 etiam
817 1848 851 1911 in
880 1847 1017 1931 publicis
1045 1848 1147 1913 titulis
1175 1850 1245 1914 sola
1273 1848 1307 1912 in
1329 1868 1389 1914 usu
1411 1848 1472 1913 luit
1494 1856 1557 1923 (ex-

431 1945 532 2028 ceptis
566 1944 687 2009 scilicet
718 1945 881 2010 nonnullis
909 1945 1054 2028 vestigiis
1089 1947 1274 2011 vetustioris
1306 1945 1555 2026 consuetudinis,

433 2062 515 2124 quae
546 2042 641 2106 etiam
670 2050 744 2125 post
766 2042 933 2107 Euclidem
962 2062 1020 2125 per
1048 2044 1171 2124 aliquot
1199 2063 1302 2108 annos
1329 2050 1460 2109 servata
1489 2064 1556 2110 esse

431 2141 545 2204 mirum
567 2148 733 2220 nonest),
764 2140 914 2222 quoniam
938 2140 1076 2204 dubitari
1104 2161 1168 2204 non
1197 2146 1302 2223 potest
1324 2142 1400 2221 quin
1427 2140 1556 2224 linguae

430 2236 692 2316 Atheniensium,
727 2237 832 2319 qualis
861 2243 926 2301 tum
953 2237 1028 2317 luit,
1063 2239 1166 2320 magis
1194 2238 1438 2304 accommodata
1466 2239 1557 2304 luerit

432 2355 526 2416 quam
556 2334 692 2417 pristina
719 2334 876 2417 ipsorum,
911 2334 989 2399 satis
1018 2335 1096 2399 mihi
1125 2337 1232 2417 gravis
1261 2356 1359 2401 causa
1388 2356 1460 2401 esse
1490 2336 1556 2401 visa

432 2438 489 2513 est,
513 2452 567 2497 cur·
589 2432 814 2515 inscriptiones
836 2437 914 2496 ante
936 2429 985 2496 Ol.
1009 2435 1060 2512 94,
1084 2435 1103 2494 2
1126 2433 1261 2515 scriptas
1283 2438 1450 2514 tamquam
1471 2442 1556 2498 vetu-

431 2530 536 2594 stioris
570 2529 699 2594 dialecti
728 2529 853 2594 Atticae
885 2528 1078 2593 certissimos
1108 2529 1212 2595 fontes
1245 2530 1306 2595 hac
1338 2531 1555 2613 disputatione

432 2627 745 2709 comprehenderem.

518 2724 560 2787 ΙΙ.
596 2724 664 2788 Iam
681 2724 706 2789 si
723 2726 915 2805 quaerimus,
939 2743 1071 2805 quarum
1090 2725 1228 2788 maxime
1250 2726 1413 2790 litorarum
1436 2725 1554 2790 formae

432 2820 559 2886 Atticae
580 2821 626 2884 ita
648 2821 689 2885 ab
704 2822 821 2886 Ionicis
845 2820 1085 2903 discrepuerint,
1108 2821 1233 2887 utinde
1248 2822 1290 2887 de
1312 2830 1429 2887 natura
1451 2844 1554 2889 earum

432 2924 487 2981 aut
510 2917 550 2983 de
572 2918 769 3000 singulorum
784 2917 1013 2982 vocabulorum
1033 2916 1156 2999 origine
1171 2919 1294 3002 aliquid
1316 2921 1425 3003 colligi
1448 2922 1554 3005 possit,

434 3033 615 3097 perpaucae
637 3021 719 3096 sunt,
743 3034 876 3096 quarum
900 3015 1052 3079 hocloco
1075 3016 1194 3080 mentio
1216 3016 1365 3081 facienda
1387 3017 1439 3083 sit.
1484 3038 1553 3083 uam

433 3111 518 3192 quod
540 3120 616 3178 ante
638 3111 781 3177 Euclidis
803 3131 922 3177 aunum
953 3111 987 3174 in
1010 3113 1122 3178 Atticis
1150 3113 1411 3197 inscriptionibus
1443 3116 1474 3176 Λ
1503 3136 1553 3199 pro

433 3208 470 3288 Γ,
502 3209 525 3269 L
556 3210 683 3291 pro'lt,
715 3209 775 3271 ΧΣ
806 3217 838 3274 et
860 3202 918 3279 ΦΣ
948 3228 1005 3291 pro
1027 3208 1053 3270 Ξ
1076 3217 1108 3275 et
1129 3208 1159 3274 Ψ
1183 3211 1379 3294 scribuntur,
1410 3214 1554 3295 quodque

503 3439 522 3502 ¹)
546 3438 641 3493 Suidas
660 3455 681 3493 s.
699 3457 721 3494 v.
741 3440 884 3508 Σαμίων
904 3436 917 3489 ὅ
938 3438 1061 3508 δῆμος·
1078 3438 1142 3497 τοὺς
1160 3439 1190 3493 δὲ
1210 3436 1369 3504 Ἀθηναίους
1386 3438 1479 3496 ἔπεισε
1493 3444 1554 3513 χρῆ·

434 3521 502 3567 σθαι
520 3522 578 3573 τοῖς
596 3521 651 3568 τῶν
666 3516 766 3571 Ἰώνων
783 3517 947 3589 γράμμασιν
961 3516 1085 3589 Ἀρχῖνος
1102 3518 1146 3573 ἐπὶ
1170 3518 1303 3589 ἄρχοντος
1321 3519 1479 3575 Εὐκλείδου.
1513 3522 1555 3576 alii

432 3597 499 3662 loci,
525 3598 622 3664 quibus
642 3600 675 3652 ab
693 3600 811 3667 antiquis
829 3601 1010 3669 scriptoribus
1026 3600 1108 3655 huius
1125 3600 1165 3655 rei
1182 3601 1283 3656 mentio
1301 3601 1340 3665 lit,
1364 3602 1444 3658 allati
1462 3610 1555 3670 sunta

432 3676 601 3742 Eranzio,
621 3680 694 3732 elem.
715 3680 795 3748 epigr.
815 3680 862 3733 Gr.
881 3697 908 3750 p.
928 3686 983 3735 148.

502 3758 522 3820 2)
541 3756 621 3812 huius
640 3760 680 3812 rei
697 3776 750 3814 nou
768 3760 906 3815 inficetum
924 3761 1113 3815 documentum
1126 3760 1400 3827 debeoKirehhollio,
1420 3764 1555 3834 Euripidis

432 3850 526 3890 versus
545 3852 559 3889 e
577 3837 682 3893 Theseo
700 3840 838 3908 tragoedia
856 3846 978 3896 servatos
999 3841 1041 3906 (fr.
1062 3844 1134 3907 385),
1162 3841 1260 3909 quibus
1280 3843 1384 3905 Θησεύς
1402 3861 1502 3900 nomen
1519 3845 1555 3898 iu-

433 3917 579 3984 scriptum,
607 3923 638 3971 ut
661 3917 745 3973 fuisse
768 3920 886 3987 videtur,
915 3922 1001 3989 clipeo
1026 3936 1042 3973 a
1065 3924 1175 3989 pastore
1201 3922 1316 3991 quodam
1339 3923 1482 3979 literarum
1505 3941 1555 3979 non

432 3996 520 4064 perito
539 3996 707 4052 describitur.
744 3998 777 4053 de
795 4020 809 4063 η
829 3999 900 4054 enim
917 4002 996 4055 litera
1013 4001 1081 4055 haec
1099 4000 1176 4055 dicit:

670 4099 701 4150 τὸ
721 4096 849 4168 δεύτερον
868 4101 897 4172 δὲ
915 4105 1012 4169 πρῶτα
1029 4101 1080 4171 μὲν
1097 4101 1224 4170 γραμμαὶ
1243 4101 1301 4165 δύο,
1396 4131 1400 4135 ‡

671 4177 772 4235 rariter
790 4178 902 4250 διείργει
920 4179 947 4232 δ’
968 4180 998 4233 ἕν
1014 4183 1110 4249 μέσοις
1127 4178 1190 4245 ἄλλη
1209 4182 1268 4249 μία.

431 4276 502 4331 hanc
523 4285 555 4345 Η,
574 4295 629 4334 non
647 4284 665 4330 Ε
683 4280 797 4347 figuram
815 4296 874 4337 esse
892 4286 1015 4351 apparet.
