3575 5334
756 694 788 747 de
806 693 888 762 alpha
906 694 1047 749 intensiro.
1400 694 1460 754 113

337 865 540 932 scribendum
562 887 633 934 osse
653 874 853 948 censuerunt,
876 868 1068 952 Lobeokius,
1093 869 1305 951 Her-mannus,
1329 870 1462 936 Weilius

337 959 514 1046 ἀπέρωτος
548 965 632 1047 quod
668 964 815 1047 equidem
848 986 912 1030 non
947 966 1057 1031 dubito
1090 968 1166 1048 quin
1193 966 1309 1034 rectius
1345 967 1463 1033 scriba-

336 1068 394 1126 tur.
440 1062 525 1127 Nam
549 1082 589 1128 ex
610 1062 682 1145 ipsa
710 1065 833 1129 ratione
862 1063 1053 1129 antithetica
1081 1059 1258 1148 ἄπέρωεος
1281 1063 1367 1148 ἔρως
1396 1064 1463 1129 elu-

336 1178 407 1224 cere
436 1160 514 1224 mihi
543 1160 669 1226 videtur
697 1161 842 1243 ejusdem
871 1161 980 1244 stirpis
1003 1181 1074 1227 esse
1097 1162 1214 1228 debere
1237 1160 1402 1244 epitheton
1424 1181 1462 1227 ao

336 1258 585 1339 substantivum,
621 1278 682 1339 quo
711 1258 783 1340 plus
814 1258 987 1341 conjuncta
1016 1258 1171 1341 efficiant,
1208 1265 1243 1323 ut
1275 1258 1461 1341 Euripidem
1556 1310 1561 1321 .

336 1361 459 1419 constat
488 1354 572 1420 hanc
597 1355 753 1420 rationem
776 1358 916 1422 maxime
937 1357 1107 1423 adamasse
1136 1357 1188 1439 qui
1218 1354 1303 1440 ἔρως
1333 1351 1461 1440 ἀνέρως

335 1452 428 1518 oredo
459 1452 654 1535 scripsisset3
684 1452 722 1518 ef.
753 1472 836 1533 quae
863 1454 1005 1520 Lobeok.
1036 1455 1124 1536 path.
1148 1455 1188 1519 el.
1211 1455 1227 1517 Ι
1250 1457 1311 1519 206
1327 1473 1396 1534 sqq.
1421 1454 1462 1519 de

335 1551 517 1616 discrimine
550 1551 648 1633 alpha
681 1550 831 1632 privativi
859 1557 891 1615 et
920 1547 989 1614 ἀπό
1022 1551 1269 1635 praepositionis
1303 1552 1461 1632 exposuit.

335 1649 451 1713 Forma
479 1647 559 1712 nihil
588 1648 686 1713 habet
715 1646 925 1729 difficultatis,
955 1650 1015 1713 etsi
1041 1648 1238 1730 Lobeckius‚
1272 1650 1374 1732 paral.
1399 1650 1460 1711 258

334 1744 530 1810 anadromae
567 1745 689 1809 nullam
729 1753 897 1826 praeterea
932 1746 1173 1812 similitudinem
1211 1747 1300 1810 novit
1336 1745 1461 1811 collatis

335 1862 421 1907 vocc.
452 1846 641 1926 χρυσέρως,
676 1841 863 1925 παιδέρως,
899 1840 1062 1926 ἀντέρως,
1091 1844 1240 1927 λυσέρως
1274 1851 1305 1909 et
1335 1839 1461 1926 θρήνε-

335 1963 418 2023 ρως,
448 1944 597 2021 μίσερως
626 1939 760 2020 aliisque
789 1940 875 2022 apud
904 1941 1129 2021 grammaticos
1152 1949 1183 2007 et
1207 1938 1459 2022 lexicograpbos.

336 2038 401 2103 Sed
436 2039 462 2101 si
496 2040 566 2118 quis
596 2056 614 2101 e
646 2036 745 2118 stirpe
778 2034 865 2121 ἐρεπ
901 2033 1078 2118 ἀπέρωτος
1111 2038 1281 2119 propagari
1318 2036 1460 2118 potuisse

334 2139 431 2216 neget
460 2135 615 2215 neglectis
646 2134 802 2199 similibus
831 2135 988 2217 exemplis
1018 2129 1225 2218 αὐξίφωτος,
1255 2131 1458 2217 ἅρχίφιπος,

333 2230 582 2314 κεανόχρωτος,
617 2229 803 2313 ὀζόχρωτος
831 2232 968 2313 aliisque
997 2231 1083 2295 haud
1113 2250 1191 2296 sane
1219 2229 1458 2310 antiquissimis²

335 2330 362 2393 ei
401 2328 523 2394 suadeo
571 2336 605 2392 ut
642 2329 759 2394 scribat
801 2329 889 2412 apud
929 2330 1044 2397 Aescb.
1084 2324 1220 2408 ἀπέρως
1269 2350 1321 2401 τις
1364 2323 1458 2408 ἔρως.

334 2426 491 2491 Vitiosum
524 2433 630 2491 autem
665 2425 744 2491 illud
783 2421 968 2510 ἀπέρωπος
1009 2427 1088 2503 (sive
1122 2421 1335 2509 ἀπερωπός),
1374 2422 1459 2504 quod

334 2544 395 2605 quo
440 2522 565 2588 facilius
610 2544 649 2588 ex
689 2517 866 2606 ἀπέρεπος
910 2524 997 2588 nasei
1042 2525 1145 2606 potuit
1193 2542 1230 2588 eo
1268 2521 1459 2605 etymologis

332 2620 401 2685 istis
441 2621 672 2703 exoptatiorem
709 2620 857 2702 praebuit
892 2620 1095 2702 conjectandi
1132 2621 1346 2699 occasionem,
1387 2617 1458 2700 jam

332 2718 508 2799 antiquitus
540 2720 763 2799 pervulgatum
792 2717 890 2782 luisse
920 2738 990 2781 cum
1021 2738 1039 2783 e
1066 2718 1343 2799 grammaticorum
1373 2715 1458 2780 testi-

332 2815 448 2879 moniis
471 2815 575 2879 eluoct
597 2822 663 2878 tum
687 2835 726 2880 ex
756 2815 825 2897 ipso
848 2814 959 2880 codice
981 2815 1141 2895 Mediceo‚
1171 2815 1199 2879 si
1222 2812 1349 2895 quidem
1372 2817 1457 2877 recte

332 2910 514 2975 Dindorfius
536 2911 581 2975 ibi
604 2913 684 2976 vidit
705 2937 724 2974 u
746 2913 871 2977 literam
897 2932 936 2977 ex
959 2939 985 2975 π
999 2912 1116 2978 iactam
1138 2931 1218 2977 esse.
1255 2907 1457 2994 Άπερωπός

332 3028 406 3073 vero
441 3009 617 3090 scripturae
650 3017 780 3093 propter
807 3009 1047 3075 similitudinem
1078 3009 1174 3074 etiam
1204 3004 1399 3093 ἦπεροπεῦς
1425 3012 1456 3072 et

333 3102 562 3192 ἠπεροπεύειν
593 3107 750 3171 vocabula
779 3108 1037 3189 suffragabantur
1063 3125 1144 3188 quae
1171 3126 1191 3169 a
1220 3104 1319 3185 stirpe
1347 3099 1455 3184 ἠπερο

331 3203 350 3267 i.
374 3224 401 3269 e.
425 3223 445 3267 a
468 3202 536 3266 rad.
560 3227 627 3267 εεπ
655 3204 855 3270 descendunt
885 3204 935 3282 (ol.
963 3203 1049 3268 Curt.
1073 3206 1163 3277 263),
1193 3202 1252 3266 etsi
1275 3220 1317 3265 ne
1339 3198 1456 3280 signifi-

332 3303 412 3365 catio
437 3299 566 3382 quidem
591 3300 727 3381 quadrat
747 3303 789 3367 ad
815 3303 918 3366 locum
942 3301 1166 3383 Aeschyleum.
1211 3297 1379 3362 Productio
1402 3316 1455 3360 vo·

331 3399 407 3463 calis
431 3397 564 3461 initialis
586 3398 767 3465 intermissa
790 3401 893 3465 estin
922 3399 1024 3462 forma
1047 3393 1240 3477 ἀπεροπεύς
1263 3415 1315 3478 ap.
1337 3394 1454 3457 Anacr.

331 3495 384 3578 frg.
410 3500 450 3559 73
475 3495 593 3576 Bergk.

329 3795 427 3876 quod,
459 3794 535 3876 quia
557 3794 591 3858 in
614 3796 664 3858 lit.
688 3795 728 3857 M.
753 3799 830 3876 433,
860 3800 901 3858 44
935 3814 1102 3877 perperam
1125 3789 1303 3877 ἆπεροπός
1328 3793 1453 3875 citatur,

330 3890 426 3957 Maur.
467 3891 662 3957 Schmidtius
698 3912 763 3956 non
800 3891 911 3957 debuit
947 3890 989 3956 ad
1033 3893 1172 3973 glossam
1209 3889 1363 3974 Hesycbii
1398 3890 1454 3953 ad-

329 3989 474 4054 scribere.

409 4128 442 4199 3)
482 4118 673 4206 ἄρροθθς

332 4266 465 4353 Hesych.
490 4266 658 4352 ἄρροθες·
683 4266 825 4354 ἀρωγός,
849 4268 992 4355 βοηθός.
1023 4269 1222 4334 Vocabulum
1246 4263 1450 4345 Doederlino‚

375 4369 488 4418 Cosmus,
503 4369 596 4411 Studien
610 4369 668 4411 Vlll.
1233 4368 1247 4417 fl
