3575 5334
488 687 522 741 de
540 689 693 744 nominibus
711 688 870 744 suffixorum
889 696 945 743 eot-
964 695 992 744 et
1008 694 1094 746 ariao·
1112 708 1164 761 ope
1181 691 1312 748 formatis.
1400 693 1461 754 395

334 860 425 943 apud
449 859 617 943 Vegetium
647 869 655 926 t
661 866 694 942 1,
726 865 766 936 7).
819 861 868 926 De
894 863 1015 927 vocalis
1043 864 1058 924 i
1089 862 1234 929 suffixum
1263 866 1346 927 mairo
1374 874 1463 933 aute-

333 957 481 1022 cedentis
515 960 692 1039 quantitate
728 979 824 1040 quum
859 959 936 1023 certi
970 959 1049 1023 nibil
1086 962 1236 1026 traditum
1274 961 1460 1045 habeamus,

335 1054 650 1138 dixeritquispiam,
680 1057 713 1120 in
737 1057 797 1121 hoc
819 1076 882 1120 uno
905 1057 1035 1122 nomine
1057 1059 1201 1123 vocalem
1224 1059 1427 1124 thematioam
1451 1062 1465 1122 i

334 1172 377 1218 en
400 1172 436 1225 o,
459 1173 479 1214 a
502 1153 614 1219 eodem
637 1154 732 1219 modo
754 1161 953 1220 attenuatam
974 1173 1060 1236 esse,
1089 1156 1206 1237 quoin
1230 1158 1259 1220 2.
1280 1156 1362 1238 plur.
1381 1156 1462 1240 sru-

335 1251 441 1312 i-mini
468 1270 508 1315 ex
537 1249 749 1333 *fro-o-mr'ai
767 1259 819 1315 ctt.
864 1250 1056 1329 Quamnam
1086 1272 1150 1316 non
1178 1254 1277 1335 plane
1304 1254 1460 1320 absonam

334 1366 423 1426 esse,
448 1348 650 1428 concedatur,
674 1350 819 1431 quamvis
842 1368 945 1431 praes.
965 1347 1081 1429 farcio
1104 1350 1207 1414 vocali
1230 1351 1244 1411 i
1263 1358 1390 1416 auctum
1413 1370 1461 1417 se·

333 1444 473 1510 cundum
490 1450 645 1527 quartam,
665 1466 747 1528 quae
764 1446 885 1528 dicitur,
902 1447 1160 1530 conjugationem
1176 1446 1330 1512 declinari
1347 1449 1458 1528 soleat,

333 1563 433 1624 quum
462 1544 559 1625 stirps
580 1544 676 1627 soro·
703 1542 879 1624 (*scrcere)
908 1564 973 1609 non
1001 1547 1105 1610 solum
1134 1545 1167 1609 in
1195 1563 1241 1626 gr.
1268 1542 1457 1628 φράσσ-ειν,

334 1639 393 1706 sod
417 1640 511 1705 etiam
535 1642 565 1705 in
589 1641 645 1705 lat.
665 1640 744 1724 peri.
757 1640 860 1722 sarsi,
884 1648 965 1724 part.
985 1662 1071 1724 pass.
1083 1642 1247 1724 soro-tom
1261 1641 1459 1708 inveniatur.

332 1737 402 1803 Sed
428 1737 524 1803 etiam
552 1739 616 1803 alio
646 1738 741 1803 modo
770 1736 906 1803 effictum
935 1758 1007 1804 esse
1036 1739 1228 1804 vocabulum
1250 1736 1460 1821 farciminum

333 1841 455 1917 potest:
480 1856 521 1901 ex
533 1834 606 1917 ipsa
621 1835 720 1919 stirpe
733 1834 827 1919 soror
841 1843 963 1918 lpraes.
978 1835 1104 1917 sarcio)
1126 1834 1230 1901 suffixi
1248 1836 1335 1902 illius
1350 1838 1458 1911 mina,

333 1932 421 2013 quod
444 1934 572 2016 proprie
594 1932 637 1997 ad
660 1939 741 2016 part.
761 1932 844 1997 med.
868 1932 1036 1997 formanda
1057 1933 1236 1997 adhibitum
1260 1953 1331 1998 esse
1348 1935 1459 2016 Vegeti

333 2037 441 2095 aetate
456 2051 520 2094 non
532 2031 602 2113 jam
617 2032 845 2097 intellexerunt
867 2031 1022 2111 homines,
1046 2051 1107 2113 ope
1123 2030 1297 2096 secundum
1309 2032 1459 2103 ‚nominis

322 2126 505 2210 soror-mon
521 2129 703 2213 exemplum
720 2148 836 2193 nomen
848 2127 1009 2210 quoddam
1015 2128 1224 2210 farciminum
1241 2128 1328 2192 nasci
1345 2130 1455 2210 potuit.

333 2225 393 2291 Cui
421 2225 537 2290 rationi
559 2228 633 2309 plus
656 2247 751 2309 quam
774 2227 867 2291 alteri
894 2225 1132 2309 probabilitatis
1153 2225 1260 2290 inesse
1282 2244 1376 2289 nomo
1399 2233 1456 2305 est,

331 2325 388 2406 qui
411 2330 521 2406 neget,
551 2325 577 2388 si
600 2324 681 2388 illud
704 2325 894 2388 vocabulum
923 2323 965 2388 ab
988 2324 1109 2406 optima
1130 2322 1318 2404 antiquioris
1340 2323 1457 2389 aetatis

332 2421 493 2486 latinitate
515 2421 655 2485 alienum
680 2440 750 2487 esse
772 2415 978 2504 reputaverit.
1069 2414 1071 2419 ’

418 2518 506 2583 Haec
536 2518 656 2601 habeo,
686 2539 768 2601 quae
799 2519 839 2584 de
866 2519 1049 2584 nominibus
1075 2517 1187 2583 suffixo
1210 2518 1310 2580 mino·
1331 2537 1458 2601 compo·

330 2616 402 2681 sitis
424 2615 539 2680 dicam.

418 2713 580 2797 Superest,
604 2720 638 2777 ut
660 2733 859 2780 enumerem:

328 2954 357 3013 4.
408 2950 622 3014 vocabula
655 2949 850 3033 quaedam
889 2950 1044 3017 suffixo
1076 2950 1134 3011 -c'c
1167 2970 1187 3015 a
1220 2950 1455 3017 nominibus

519 3047 673 3113 suffixo
696 3049 820 3110 minc·
842 3048 1031 3113 formatis
1054 3047 1269 3128 derivata,

327 3218 463 3280 quorum
486 3219 636 3265 numerus
659 3208 708 3265 est
729 3200 807 3266 satis
833 3219 962 3283 parvus.

414 3297 462 3360 Ac
491 3297 592 3379 primo
622 3299 691 3362 loco
722 3305 882 3379 ponantur
911 3296 973 3360 duo
1000 3296 1174 3378 vocabula,
1207 3315 1338 3378 qnorum
1368 3295 1454 3362 unde

328 3392 426 3457 ducta
448 3402 522 3457 suut
545 3395 676 3458 nomina
699 3397 794 3461 etiam
816 3413 901 3459 nunc
923 3400 1066 3459 exstant:
1139 3406 1140 3409 ’
1375 3401 1377 3405 ’

421 3489 614 3565 Volumnius,
647 3490 807 3554 Volumnio
834 3491 966 3555 nomina
987 3489 1136 3573 gentilia,
1168 3511 1189 3555 a
1217 3491 1382 3554 Volcmoo-
1410 3496 1452 3569 (v.

328 3608 360 3670 p.
383 3590 459 3666 389)
482 3588 628 3653 derivata
650 3596 733 3653 sunt.

414 3685 452 3749 In
475 3686 705 3768 compositione
727 3692 849 3751 tantum
872 3685 1049 3751 invenitur:
1086 3684 1356 3747 obtercolnmoiom
1379 3685 1400 3750 i.
1423 3704 1451 3751 e.

326 3782 465 3863 spatium
488 3782 571 3847 inter
596 3784 761 3847 columnas
789 3783 869 3847 duas
899 3783 1136 3867 interpositum,
1164 3781 1251 3864 'quod
1279 3780 1323 3846 ad
1352 3782 1451 3848 subst.

326 3879 469 3941 colomna
492 3881 639 3962 pertinet.

413 3975 578 4041 Accedunt
600 3976 663 4041 duo
686 3997 816 4059 quorum
836 3977 960 4060 stirpes,
985 3977 1070 4042 unde
1092 3982 1170 4040 nata
1191 3983 1275 4056 sunt,
1298 3996 1362 4039 non
1381 3977 1451 4059 jam

325 4072 470 4154 reliquae
494 4080 637 4138 exstant:

413 4170 566 4232 calomnia
588 4170 608 4248 i.
633 4189 661 4235 e.
685 4169 893 4239 contumelia:
921 4168 1098 4246 derivatum
1121 4168 1234 4233 suffixo
1257 4169 1304 4230 ·ia
1325 4189 1345 4232 a
1366 4175 1450 4251 part.

326 4265 465 4346 quodam
490 4267 573 4332 med.
597 4267 789 4339 *colomn0-,
818 4274 851 4331 ut
879 4265 1042 4327 Volumnia
1064 4286 1084 4329 a
1114 4264 1300 4352 Volumnia,
1326 4273 1451 4349 spectat
