3575 5334
413 668 455 728 52
926 669 1026 723 Clemm

413 847 564 928 quoniam
586 846 732 910 notiones
756 844 907 909 horrendi
928 851 961 909 et
982 841 1090 924 magni
1119 840 1265 926 proxime
1292 848 1446 923 cognatas
1468 862 1538 909 osso

413 949 554 1025 constat,
588 943 657 1008 sine
689 943 758 1007 ulla
785 941 974 1006 difficultate
1006 940 1048 1003 ad
1082 938 1345 1022 significationem
1377 939 1536 1021 immensi,

414 1042 580 1123 permagni
618 1040 805 1106 devenimus
841 1040 891 1104 cui
930 1038 1096 1103 tribuimus
1133 1038 1269 1120 primum
1302 1038 1321 1116 ξ
1346 1040 1405 1102 311
1443 1035 1537 1101 ἱστὸν

413 1134 704 1219 ἀμαιμάκετον
728 1134 808 1221 νηὸς
830 1132 1105 1219 κυανοπρώροιο,
1129 1134 1247 1200 deinde
1269 1134 1344 1199 Hes.
1367 1134 1456 1200 Scut.
1476 1139 1535 1199 207

413 1231 449 1299 ἒν
479 1233 515 1300 δὲ
544 1233 644 1321 λιμὴν
673 1230 817 1318 εὔορμος
846 1229 1161 1315 ἀμαιμακέτοιο
1186 1229 1364 1317 θαλάσσης
1387 1238 1420 1298 et
1442 1233 1535 1300 Pind.

411 1332 608 1416 Pyth.128
636 1337 697 1414 γᾶν
719 1354 755 1395 τε
785 1332 841 1395 καλ
872 1328 996 1394 πόντον
1025 1325 1102 1393 κατ’
1126 1326 1417 1410 ἀμαιμάκετον
1450 1352 1537 1414 pror·

411 1449 466 1494 sus
488 1436 522 1493 ut
544 1429 747 1495 Homericum
770 1424 896 1503 πόντος
919 1424 1071 1510 ἀπείρων
1093 1428 1180 1509 sim.;
1212 1447 1317 1509 neque
1345 1428 1410 1491 alio
1439 1448 1536 1494 sensu

411 1525 464 1590 hic
492 1532 589 1609 poeta
611 1525 722 1590 lstbm.
747 1525 824 1589 VIII
847 1529 888 1589 74
918 1525 1059 1608 Neptuni
1088 1525 1258 1590 tridentem
1283 1532 1378 1590 vocat
1406 1521 1535 1607 ἀμαι-

411 1620 594 1704 μάκετον
623 1624 795 1705 ingentem.
837 1622 923 1701 Quid
945 1622 1062 1705 plura?
1104 1642 1213 1687 nonne
1235 1623 1365 1689 easdem
1386 1623 1476 1689 vices
1498 1624 1535 1688 si·

411 1719 623 1801 gnificationis
646 1720 742 1785 etiam
764 1720 798 1784 in
821 1720 894 1785 aliis
916 1720 1081 1785 vocabulis
1104 1720 1333 1786 observamus?
1370 1720 1405 1785 Si
1427 1728 1533 1788 autem

411 1817 511 1883 series
526 1818 690 1882 notionum
703 1836 738 1882 se
753 1817 979 1900 excipientium
995 1818 1075 1882 baec
1091 1824 1173 1882 erat:
1196 1816 1315 1897 furens,
1327 1817 1533 1901 impetuosus,

411 1914 589 1994 horribilis,
623 1921 729 1995 atrox,
763 1914 953 1995 immensus,
986 1914 1114 1997 ingens,
1148 1913 1286 1978 dubitari
1316 1916 1427 1997 nequit
1458 1917 1532 1999 quin

411 2018 554 2076 nostrum
577 2013 767 2077 vocabulum
790 2032 810 2076 a
832 2012 932 2095 stirpe
953 2035 1099 2093 μαι-μακ
1123 2011 1174 2087 (σί.
1197 2009 1380 2092 μαιμάσσω
1395 2045 1439 2063 =
1456 2037 1533 2095 μαι-

410 2106 557 2192 μάκ-μω,
591 2105 756 2190 μαιμάω),
792 2109 1000 2174 derivandum
1030 2109 1070 2173 sit
1102 2108 1136 2173 in
1164 2128 1226 2190 quo
1258 2109 1420 2174 intensiva
1443 2110 1531 2174 notio

411 2225 475 2270 non
504 2212 570 2270 tam
593 2206 733 2289 praefixo
762 2226 849 2273 mere
878 2206 1050 2289 phonetico
1074 2207 1207 2272 debetur
1229 2225 1324 2287 quam
1353 2205 1532 2289 reduplica-

409 2302 489 2367 tioni
522 2310 644 2370 auctae.
700 2303 747 2369 cf.
782 2302 967 2382 δαιδάλλω,
1005 2302 1136 2384 δοῖδυξ,
1176 2300 1350 2376 κοικύλλω,
1391 2303 1531 2384 λαῖλαψ,

409 2398 590 2481 μσιμάλλω,
613 2398 806 2479 παιπάλλω,
829 2402 896 2466 alia
909 2422 962 2484 ap.
985 2399 1201 2467 Fritcscheum
1223 2401 1256 2465 in
1279 2400 1364 2465 Ourt.
1382 2400 1472 2464 Stud.
1490 2400 1531 2462 vl

410 2500 473 2561 304
499 2518 568 2580 sqq.
623 2497 751 2562 Vocalis
785 2522 800 2563 ε
833 2505 889 2563 aut
918 2506 966 2565 est
994 2499 1167 2563 thematica
1196 2505 1252 2562 aut
1285 2517 1326 2562 ox
1353 2496 1532 2562 irrationali

410 2601 480 2659 orta
502 2602 535 2659 ut
558 2594 755 2675 Lobeokius,
782 2595 874 2677 proll.
899 2616 930 2678 p.
953 2600 1015 2661 374
1039 2590 1267 2677 ἀμαιμάκετος
1297 2613 1355 2678 pro
1383 2587 1531 2676 ἀμαίμα-

410 2714 504 2767 κτος,
542 2686 736 2773 ἀλάμπετος
769 2712 828 2775 pro
862 2689 1038 2774 ἀλαμπτος
1066 2712 1138 2759 esse
1170 2692 1280 2756 voluit.
1324 2692 1532 2757 Hennickeus

409 2787 510 2870 alpha
532 2809 589 2871 pro
612 2789 772 2872 privativo
794 2789 973 2856 venditavit
988 2790 1045 2856 sed
1067 2790 1187 2855 babeat
1202 2790 1262 2854 sibi
1285 2788 1410 2854 litoteta
1431 2809 1531 2869 suam,

410 2904 474 2965 qua
501 2884 611 2951 videat
642 2886 712 2970 ipse
740 2893 938 2971 quantopere
966 2889 1015 2953 vis
1048 2885 1288 2970 significationis
1316 2885 1530 2951 imminuatur.

411 2980 498 3046 Haec
526 2982 723 3049 imminuitur
752 2984 848 3050 etiam
877 2985 904 3048 si
931 2985 1014 3051 alias
1042 2985 1177 3050 aliorum
1206 2984 1439 3067 explicationes
1467 3005 1532 3049 arn·

409 3078 586 3160 plectimur.
646 3082 699 3147 Sic
729 3083 928 3147 Duentzerus
957 3080 1000 3145 ad
1030 3084 1129 3162 5311
1161 3077 1392 3162 ἀμαιμάκετος
1414 3083 1457 3147 ab
1480 3101 1532 3147 ea-

409 3175 482 3241 dem
516 3178 614 3261 stirpe
646 3177 845 3262 reduplicata
880 3179 1038 3243 derivavit
1068 3179 1155 3243 unde
1185 3174 1331 3261 μακ-ρός
1364 3178 1531 3245 descendit

408 3272 508 3355 alpha
529 3275 689 3341 intensivo
712 3274 835 3357 addito,
859 3276 917 3341 scd
940 3277 1013 3359 plus
1035 3276 1170 3359 exprimi
1193 3276 1401 3359 cognovimus
1422 3283 1530 3343 nostro

408 3370 550 3451 epitheto
565 3392 661 3453 quam
677 3372 785 3453 magni
806 3374 978 3438 notionem.
1006 3374 1073 3437 Nec
1088 3374 1191 3455 magis
1212 3375 1319 3456 placet
1340 3374 1426 3456 quod
1448 3381 1532 3441 vete

408 3485 477 3529 rum
492 3469 770 3547 grammaticorum
788 3471 988 3536 versionibus
1004 3471 1129 3554 decepti
1145 3473 1211 3535 Leo
1223 3472 1381 3555 Meyerus‚
1396 3492 1530 3553 gramm.

408 3582 511 3647 comp.
534 3564 549 3627 I
572 3567 633 3628 423
655 3564 774 3646 aliique
796 3567 1032 3647 excogitarunt,
1059 3587 1129 3631 cum
1151 3567 1406 3650 reduplicatione
1428 3576 1531 3634 ortum

407 3660 441 3723 id
465 3679 536 3725 esse
557 3680 598 3726 ex
619 3658 793 3742 μάχεσθαι
814 3671 982 3729 censerent
1006 3665 1069 3742 vel,
1092 3664 1177 3746 quod
1200 3663 1398 3730 Schneidero
1420 3666 1534 3732 Passo·

408 3757 528 3838 vioque
548 3757 583 3820 in
605 3764 744 3824 mentem
766 3760 864 3843 venit,
887 3780 929 3826 ex
949 3760 1019 3845 ipso
1042 3758 1180 3842 ἄμαχος.

494 3854 558 3920 Sed
575 3854 670 3921 etiarn
692 3855 804 3920 labiali
818 3877 980 3923 consonae
995 3858 1130 3941 spiranti
1145 3858 1305 3924 interdum
1319 3860 1420 3943 alpha
1442 3882 1534 3946 prae·

407 3951 494 4016 cedit
518 3972 580 4034 quo
602 3972 643 4018 ex
664 3973 795 4019 numero
817 3955 880 4020 buc
901 3954 1039 4038 pertinet

497 4103 547 4177 ll)
584 4095 713 4163 ἀείδω

407 4244 513 4310 Schol.
538 4247 624 4330 Lips.
647 4248 674 4311 A
701 4253 714 4311 1
748 4240 851 4312 ἀείδω
874 4245 944 4312 ἀπὸ
967 4254 1027 4313 τοῦ
1050 4248 1131 4314 ε’ίδω
1159 4256 1220 4315 τοῦ
1244 4256 1470 4338 σημαίνοντος
1491 4251 1529 4317 τὸ
