3575 5334
333 681 374 740 44
847 682 948 736 Chmm

332 857 492 924 vescentis
514 841 639 939 aetatis,
664 878 681 923 e
706 876 854 922 sonorum
878 854 1020 936 defectu,
1045 854 1191 939 flexionis
1213 857 1459 938 perturbationi-

333 956 393 1021 bus
414 955 504 1020 nulla
526 954 682 1021 dubitatio
705 955 828 1037 reliqua
851 962 920 1021 erat
942 956 1018 1039 quin
1041 956 1137 1021 totius
1159 956 1290 1038 linguae
1313 955 1458 1022 interitus

327 1054 398 1136 jam
427 1072 491 1117 nou
520 1059 629 1136 posset
656 1054 779 1118 evitari.
824 1054 863 1117 In
886 1054 1012 1120 Graeca
1042 1073 1117 1119 vero
1139 1053 1251 1136 lingua
1273 1054 1459 1136 protheticis

332 1151 499 1216 vocalibus
526 1157 649 1215 tantum
677 1150 780 1215 abluit
809 1157 843 1215 ut
871 1151 991 1216 formae
1020 1151 1257 1217 destruerentur
1284 1152 1337 1216 vel
1367 1152 1460 1217 nulla

328 1248 397 1330 jam
426 1255 512 1313 esset
533 1267 642 1313 earum
672 1248 898 1332 perspicuitas,
931 1254 964 1312 ut
987 1247 1148 1331 pleniores
1169 1255 1377 1314 nascerentur
1400 1268 1459 1315 nec

332 1366 404 1412 raro
420 1347 556 1411 fortasse
578 1345 822 1427 numerosiores,
845 1346 920 1411 licet
940 1346 1013 1430 ipsa
1034 1346 1261 1411 vocabulorum
1285 1347 1458 1430 explicatio

333 1443 452 1509 additis
474 1444 540 1508 illis
563 1464 628 1507 non
650 1441 740 1507 fieret
763 1443 894 1508 facilior.
1115 1446 1118 1452 ’

418 1540 615 1605 Tractaturis
643 1540 738 1621 igitur
767 1539 860 1605 nobis
882 1561 922 1606 ea
949 1541 1109 1606 vocabula
1130 1541 1316 1624 protheticis
1340 1542 1460 1607 vocali·

331 1639 392 1703 bus
422 1645 516 1703 aucta
549 1657 682 1719 quorum
711 1639 811 1720 alpha
837 1638 962 1704 initiale
991 1657 1159 1722 perperam
1193 1639 1253 1703 viri
1286 1638 1372 1703 docti
1402 1660 1459 1722 pro

332 1736 493 1801 intensive
530 1735 725 1818 habuerunt,
763 1737 914 1818 exempla
950 1736 1132 1800 enarranda
1163 1742 1238 1801 sunt
1271 1755 1311 1800 ex
1345 1735 1459 1801 ordine

333 1852 544 1898 consonarum
567 1832 681 1914 quibus
703 1832 785 1897 illud
806 1832 979 1898 antecedit.
1022 1834 1068 1896 Ac
1082 1832 1232 1914 quoniam
1255 1838 1333 1898 ante
1355 1832 1460 1917 dupli-

332 1949 386 1995 ces
409 1949 566 1995 consonas
589 1930 777 2011 saepissime
805 1930 970 2013 prothesin
1000 1930 1138 1995 inveniri
1160 1931 1384 2015 cognovimus,
1418 1932 1458 1996 ab

331 2028 371 2093 iis
400 2027 600 2111 incipiamus.
645 2028 776 2094 Praeter
798 2048 895 2092 unum
924 2023 1031 2113 ἀστήρ
1060 2028 1093 2091 in
1116 2029 1263 2094 omnibus
1291 2028 1459 2094 vocabulis

332 2126 386 2190 ubi
418 2132 494 2189 ante
524 2148 545 2190 σ
572 2145 643 2190 cum
671 2125 849 2208 pedisequa
871 2143 1013 2190 consona
1041 2126 1209 2207 explosiva
1235 2127 1358 2191 vocalis
1387 2147 1458 2209 pro-

333 2222 453 2287 thetica
481 2222 623 2288 nascitur
654 2224 751 2287 etiam
780 2222 902 2288 turmae
931 2228 1058 2286 exstant
1085 2223 1155 2288 sine
1182 2243 1221 2288 ca
1253 2224 1360 2288 vocali
1388 2224 1457 2289 sive

332 2320 528 2402 antiquiores
557 2321 625 2385 sive
647 2320 800 2402 aequales
822 2320 890 2386 sive
913 2319 1116 2385 recentiores.
1169 2322 1301 2386 Praeter
1322 2320 1456 2385 formam

333 2412 492 2503 ἀστραπή
521 2419 682 2482 invenitur
711 2414 862 2501 στεροπή
891 2436 951 2482 nec
973 2437 1088 2499 magno
1112 2417 1263 2500 temporis
1284 2418 1456 2486 intervallo

333 2514 483 2580 differunt
515 2511 663 2600 ἀσταφίς
696 2514 783 2596 apud
817 2514 899 2580 Plat.
932 2522 964 2579 et
996 2515 1148 2597 Xenoph.
1181 2522 1213 2581 et
1245 2520 1371 2601 σταφίς
1404 2538 1454 2600 ap.

332 2612 477 2691 Theocr,
507 2606 590 2673 ἄττα
619 2618 650 2675 et
675 2609 750 2674 τινά
777 2617 851 2675 sunt
876 2613 1035 2693 aequalia.
1080 2613 1250 2678 Recentior
1276 2613 1381 2679 forma
1410 2621 1455 2680 est

332 2728 404 2773 cum
437 2707 616 2791 prothetica
650 2708 753 2773 vocali
787 2704 940 2791 ἀσκαίρω
972 2729 1025 2792 ap.
1064 2709 1172 2788 Quint.
1204 2709 1332 2794 Smym.
1361 2731 1453 2793 quam

333 2803 535 2869 Homericum
581 2809 724 2888 σκαὶρω,
770 2800 929 2885 ἀσπάλαξ
970 2814 1078 2872 autem
1114 2828 1166 2890 ap.
1207 2808 1292 2871 Plut.
1329 2807 1452 2891 legitur,

333 2897 468 2982 σπάλαξ
489 2921 541 2983 ap.
565 2903 705 2984 Aristot,
729 2899 893 2988 ἀστρηνές
916 2904 1096 2988 Hesychius
1124 2904 1280 2987 explicat,
1310 2904 1452 2991 στρηνής

331 2999 540 3082 posteriorum
570 3001 704 3066 debetur
732 3001 840 3065 aetati.
877 3002 1009 3066 Possum
1043 3002 1201 3066 nonnulla
1228 3002 1293 3066 alia
1322 3022 1453 3068 comme-

331 3116 456 3161 morare
485 3116 568 3179 quae
597 3096 736 3179 Curtius,
769 3098 844 3179 quia
871 3098 977 3164 minus
1004 3105 1091 3164 certa
1119 3106 1204 3182 sunt,
1234 3099 1342 3165 omisit
1369 3100 1452 3166 velut

332 3190 577 3281 ἀσκαλαβιότης
599 3203 631 3260 et
654 3192 883 3280 σκαλαβώτης,
906 3195 964 3262 sed
987 3197 1062 3260 nolo
1085 3196 1200 3279 longus
1223 3216 1294 3263 esse
1316 3204 1351 3263 et
1371 3205 1450 3262 tran-

332 3312 387 3358 seo
422 3292 464 3357 ad
498 3292 531 3356 id
566 3294 748 3377 exemplum
782 3292 866 3374 quod
900 3294 1002 3377 primo
1036 3294 1106 3359 loco
1145 3293 1332 3377 simpliciter
1366 3315 1451 3361 enar·

330 3387 467 3454 randum
490 3395 547 3453 est.
592 3389 675 3453 Nam
699 3389 863 3455 deforma
885 3391 1056 3457 Homerica

487 3509 515 3581 U
547 3501 729 3586 ἄσταχυς

331 3631 459 3708 praeter
480 3624 631 3697 usitatum
654 3622 777 3705 στάχυς
805 3646 869 3691 non
893 3633 941 3692 est
963 3646 1018 3691 cur
1039 3635 1112 3710 post
1137 3627 1278 3692 Curtium
1300 3628 1322 3691 l.
1346 3629 1369 3691 l.
1394 3632 1450 3692 712

330 3722 430 3787 verba
457 3720 621 3785 iaciamus.
666 3722 887 3803 Thierschius,
916 3743 1049 3805 gramm.
1073 3725 1127 3790 Gr.
1151 3728 1171 3805 ξ
1196 3729 1256 3788 140
1278 3724 1340 3789 lroc
1362 3746 1451 3791 voca·

330 3819 440 3884 bulum
477 3817 560 3881 iuter
597 3819 748 3900 exempla
782 3821 882 3903 alpha
918 3821 1070 3886 intensivi
1106 3822 1284 3901 recensuit,
1324 3824 1375 3887 cui
1411 3840 1451 3887 nc

330 3915 544 3981 Doederlinns
567 3914 694 3997 quidem
719 3923 750 3981 et
771 3917 979 3984 Hennickeus
1006 3918 1041 3982 in
1070 3918 1391 3985 commentationibus
1414 3919 1452 3983 de

329 4013 430 4096 alpha
451 4012 568 4077 intens.
590 4014 817 4078 assentiuntur.
1045 4032 1048 4036 ·

484 4134 514 4209 2)
550 4127 798 4216 ἀσφάραγος

329 4253 366 4312 Χ
386 4251 447 4314 328
476 4249 606 4332 legitur,
642 4250 777 4333 Hesych.
807 4248 999 4335 σφάραγος·
1037 4249 1158 4333 leucoe
1190 4250 1338 4333 exhibet,
1372 4268 1452 4333 quac
