3575 5334
580 700 614 755 de
630 700 744 755 dialecto
763 701 856 754 Attica
873 700 1028 755 vetustiore.
1062 700 1083 755 Ι.
1291 767 1294 777 ¹
1332 696 1393 757 255

353 899 380 944 c.
426 899 461 940 ει
489 876 598 940 facta
627 879 687 938 θεῖ
716 893 800 938 exe
829 872 1098 956 productione
1127 872 1392 959 suppletoria.

326 1028 328 1031 ·
355 1014 464 1060 earum
487 990 632 1073 stirpium
655 995 687 1053 et
709 987 889 1067 formarum,
914 1006 995 1068 quae
1017 990 1078 1053 huc
1099 992 1289 1058 referendae
1310 992 1394 1067 sunt,
1449 1045 1457 1056 „

306 1094 350 1158 lio
381 1113 402 1156 a
429 1092 669 1170 Brugmano‚
706 1084 796 1150 Stud.
820 1083 874 1163 IV,
904 1106 934 1168 p.
960 1088 996 1149 81
1020 1107 1088 1170 sqq.
1118 1096 1150 1154 et
1178 1093 1394 1174 compluribus

306 1192 342 1257 iis
376 1187 454 1255 locis
487 1192 635 1251 accurate
672 1182 819 1266 exposita
852 1189 909 1246 θεῖ.
960 1185 1050 1249 cuius
1085 1189 1394 1269 argumentationem

308 1309 340 1353 m
364 1292 510 1369 repetere
532 1283 668 1361 nollem,
698 1300 737 1344 ea
764 1280 934 1362 vocabula,
965 1281 1142 1365 dequibus
1165 1306 1234 1350 cum
1258 1307 1296 1352 eo
1322 1307 1394 1353 con·
1478 1323 1480 1326 ·

305 1386 383 1465 otio,
407 1383 547 1448 breviter
569 1378 753 1445 enumeravi
775 1376 894 1442 additis
917 1381 1073 1463 exemplis
1095 1402 1136 1447 cx
1158 1384 1259 1450 titulis
1281 1386 1394 1453 Atticis

306 1483 386 1550 tiliis.
877 1522 879 1525 ·

306 1602 310 1653 s
357 1579 417 1655 εἰς
445 1579 562 1642 factum
593 1595 633 1640 ex
662 1571 740 1649 *ἒνς
767 1573 809 1637 ab
839 1569 872 1649 ἐς
900 1574 1002 1640 forma
1030 1568 1081 1642 eie
1098 1584 1222 1644 tantum
1248 1580 1326 1646 loeis
1350 1580 1395 1644 di·

306 1680 389 1763 ¹ngui
417 1681 537 1761 potest,
573 1672 687 1755 quibus
718 1668 753 1733 ΕΙ
784 1669 922 1752 scriptae
950 1682 1032 1737 sunt.
1078 1696 1156 1757 quos
1185 1679 1273 1743 locos
1297 1698 1395 1761 supra

306 1780 403 1850 ‚230)
427 1773 552 1853 collegi.
593 1768 717 1835 aceedit
743 1766 778 1831 εἷ
786 1766 909 1852 στήλῃ
936 1791 993 1853 pro
1020 1770 1155 1857 ἕνστήλῃ
1184 1779 1260 1857 52ε,
1283 1788 1298 1838 3
1320 1766 1394 1841 εθτίἑ

305 1896 358 1940 um
381 1892 439 1955 per
463 1868 510 1948 ΕΙ,
533 1870 636 1951 ipsum
661 1885 787 1948 quoque
808 1866 872 1929 iam
896 1887 993 1949 supra
1015 1880 1305 1938 commemoratum.

355 1968 422 2049 εἲμ
434 1973 460 2044 ι’,
485 1965 585 2041 εἰσί,
610 1957 718 2029 εἶναι
740 1963 858 2027 formas
873 1964 962 2029 verbi
978 1966 1168 2032 substantivi
1186 1969 1394 2051 productione

306 2066 467 2154 ppletoria
493 2065 595 2129 factas
621 2082 690 2127 esse
713 2061 767 2124 vix
791 2080 870 2142 opus
894 2069 942 2125 est
964 2068 1213 2129 commemorari.
1255 2074 1287 2130 et
1309 2060 1394 2130 εἶναι

306 2181 326 2233 tr
350 2166 377 2230 Ε
400 2164 551 2245 scripturn
575 2167 681 2226 exstat
701 2157 989 2224 innumerabilibus
1010 2159 1076 2226 fere
1099 2162 1175 2227 locis
1199 2169 1239 2239 (e.
1254 2183 1285 2245 g.
1309 2166 1337 2244 8,
1358 2178 1392 2228 rr.

306 2258 1395 2346 pammmmmfflmmaeaammffm

306 2384 349 2443 10,
380 2363 533 2441 quantum
555 2355 638 2431 vidi,
669 2353 748 2432 561),
771 2366 794 2415 7.
840 2350 908 2431 εἰμι’
937 2352 1020 2419 iusta
1048 2357 1205 2439 scriptura
1227 2366 1393 2424 exaratum

323 2457 427 2543 primo
450 2453 611 2518 volumine
627 2447 866 2515 Kirchholfiano
886 2451 1014 2517 omnino
1037 2474 1101 2518 non
1124 2457 1239 2539 reperi,
1261 2457 1318 2522 scd
1342 2478 1394 2523 ex·

306 2565 332 2623 tt
351 2556 398 2619 ita
419 2553 453 2616 in
474 2550 682 2632 inscriptione
704 2547 920 2612 vetustissima
942 2551 1065 2615 vasculi
1088 2551 1122 2616 G.
1145 2552 1165 2618 i.
1190 2554 1245 2619 Gr.
1269 2558 1318 2621 33.

352 2670 514 2732 κτεῖναι
549 2663 725 2729 infinitivus
759 2670 791 2727 et
820 2656 997 2748 ἀποκτείνῃ
1030 2666 1251 2735 coniunctivus
1284 2671 1394 2737 aoristi

307 2772 397 2836 stant
416 2770 477 2844 er,
504 2775 530 2826 te
559 2769 591 2827 et
619 2765 648 2842 9,
671 2772 716 2843 283
747 2784 775 2824 ει
804 2762 907 2827 altero
937 2764 1007 2827 loco
1036 2765 1143 2846 pecli
1172 2767 1274 2832 altero
1303 2790 1361 2852 per
1385 2768 1390 2830 l

306 2867 388 2958 ripta
417 2869 480 2942 θεῖ,
515 2879 598 2943 quae
627 2860 660 2922 in
688 2857 779 2921 titulo
813 2860 1051 2942 corruptissimo
1087 2880 1127 2927 ex
1158 2864 1183 2926 Ε
1215 2862 1394 2946 depravata

306 2983 338 3031 ae
359 2960 495 3026 videtur.

353 3099 415 3139 νει
424 3070 585 3154 parcos
622 3070 829 3153 imperativus
866 3070 976 3134 aoristi
1013 3091 1070 3153 per
1108 3074 1133 3136 Ε
1170 3075 1307 3157 scriptus
1344 3087 1393 3143 est

314 3176 512 3351 A'ossarto
544 3287 602 3350 per
631 3267 656 3329 Ε
687 3264 910 3346 scriptumest
940 3265 1024 3344 3211,
1048 3276 1071 3328 3.
1094 3277 1118 3329 8.
1146 3256 1183 3347 B,
1207 3279 1247 3331 22.
1278 3272 1328 3350 33,
1354 3284 1391 3336 15.

313 3359 1222 3450 emmssssnfflffamfflmchup'

352 3475 581 3561 Πειραιεύς
604 3496 661 3559 per
685 3477 711 3539 Ε
734 3475 886 3556 scriptum
911 3481 963 3575 cst
984 3478 1053 3557 119,
1078 3481 1224 3561 19177,
1250 3492 1286 3544 14.
1318 3484 1391 3565 277,

329 3581 404 3658 299,
426 3589 465 3640 ao.
489 3579 561 3655 517,
583 3588 607 3637 r.

314 3776 316 3780 Ι
353 3701 510 3771 σπεῖρα
532 3691 732 3770 Brugmanus
754 3706 818 3750 non
841 3689 1115 3770 commemoravit,
1145 3708 1250 3771 neque
1272 3699 1392 3757 certum

306 3800 315 3856 l
329 3789 425 3854 huius
440 3785 588 3851 vocabuli
603 3785 823 3866 veriloquium,
840 3783 882 3850 de
897 3804 959 3866 quo
975 3805 1005 3849 v.
1022 3785 1173 3868 Curtium,
1190 3787 1303 3853 eruar
1319 3793 1391 3854 279.

306 3887 324 3952 d
347 3905 420 3951 cum
443 3879 584 3964 σπείρας
614 3885 712 3960 3229,
735 3894 765 3943 or
793 3900 850 3964 per
874 3882 900 3944 Ε
923 3883 1075 3965 scriptum
1097 3892 1217 3966 exstet,
1246 3893 1391 3968 apertum

306 3990 331 4064 t,
362 3981 450 4065 quod
469 3982 566 4046 etiam
585 4000 644 4064 per
664 3999 700 4045 se
721 3978 897 4045 verisimile
919 3986 1002 4060 erat,
1032 4003 1061 4044 ει
1083 3982 1116 4046 in
1139 3982 1200 4046 hac
1222 4001 1301 4047 voce
1322 4004 1393 4066 pro·

306 4081 419 4147 ratione
441 4078 639 4162 suppletoria
661 4084 763 4142 ortam
786 4096 866 4143 esse.

355 4185 539 4262 Φάεινος
562 4206 680 4253 nomen
702 4188 864 4271 proprium
887 4206 945 4269 per
965 4188 993 4250 Ε
1012 4186 1163 4269 scriptum
1187 4192 1234 4251 est
1259 4188 1392 4267 179,14.

306 4290 340 4369 3,
363 4300 387 4351 3.
