3575 5334
402 682 463 744 130
896 680 1035 735 Merzdorf

400 856 467 923 alia
487 862 595 921 autem
618 874 639 919 a
661 852 783 918 Steinio
806 859 840 916 ut
861 852 954 935 epiea
976 853 1092 932 allata,
1121 853 1220 936 epicis
1242 852 1374 919 minime
1395 854 1527 936 propria

401 961 489 1021 sunt:
512 954 694 1034 μεμονέναι
717 958 902 1031 (numquam
924 949 1115 1014 infinitivum
1138 951 1171 1015 in
1193 974 1284 1016 -εναι
1306 950 1394 1034 apud
1410 950 1525 1016 Home·

400 1071 469 1116 rum
497 1047 650 1132 reperies)
678 1051 805 1127 μέμνεο
829 1038 1001 1128 όνομανέω
1023 1053 1160 1127 χέαντες
1181 1056 1251 1130 eta,
1281 1056 1387 1115 cetera
1416 1052 1524 1113 autem

400 1148 471 1215 sine
499 1146 595 1211 dubio
624 1143 801 1226 rejicienda
832 1151 915 1209 sunt.
971 1144 1112 1210 Steinius
1143 1146 1272 1227 quidem
1307 1142 1524 1227 δαιτυμόνεσι

400 1246 446 1311 VI
464 1250 504 1309 57
528 1249 626 1318 (certe
648 1262 720 1308 eum
741 1241 798 1306 AB
822 1239 1062 1323 δαιτυμόνεσσι
1084 1250 1216 1327 propter
1237 1264 1394 1309 summam
1418 1243 1525 1308 termi-

398 1342 539 1409 nationis
578 1362 649 1405 -εσι
686 1340 928 1421 ambiguitatem
965 1341 1104 1406 scribere
1141 1342 1292 1418 debebat)
1329 1337 1522 1427 ἠγορόωντο

399 1440 445 1504 Vl
471 1445 506 1503 ll
543 1435 695 1519 κομόωσι
725 1437 770 1502 IV
796 1442 853 1502 191
888 1438 1020 1519 retinet,
1050 1439 1108 1504 sed
1137 1437 1265 1525 νηήσας
1296 1434 1393 1524 Ἄρηι
1426 1436 1522 1524 ἰ’όηαι

327 1591 330 1598 ,
400 1533 561 1621 ἐλαύνῃσι
603 1530 786 1616 ἑστάμεναι
821 1537 967 1618 quamvis
1003 1536 1078 1600 item
1115 1536 1148 1600 in
1185 1536 1360 1619 archetypo
1404 1536 1524 1618 scripta

401 1636 543 1701 damnat.
587 1632 659 1713 Qua
686 1652 805 1714 quaeso
837 1632 986 1699 ratione?
1029 1632 1064 1698 Si
1097 1631 1278 1698 Herodotus
1310 1633 1404 1715 epica
1436 1634 1524 1698 velut

400 1729 552 1814 κομόωσι
580 1731 649 1795 sim.
677 1730 769 1796 libris
796 1730 863 1795 suis
892 1730 1071 1796 immiscere
1100 1730 1160 1796 sibi
1187 1729 1346 1812 permisit,
1376 1750 1432 1795 cur
1461 1750 1522 1795 non

400 1827 560 1914 ἓλαόνῃσι
589 1824 769 1909 ἑστάμεναι
798 1834 857 1893 cet.
889 1828 1090 1893 retinentur?
1127 1828 1176 1894 sin
1210 1826 1392 1905 ἑστάμεναι
1427 1826 1523 1893 stad-

400 1949 479 2012 νῃσι
500 1932 535 1990 ut
557 1925 649 2008 epioa
671 1931 702 1991 et
717 1925 758 1989 ab
775 1924 930 1990 Herodoti
953 1925 1089 1991 dialecto
1111 1925 1319 1991 abhorrentia
1341 1924 1521 2007 ejiciuntur,

399 2024 512 2106 quidni
533 2018 725 2106 ἠγορόωντο
748 2019 900 2114 κομόωσι
922 2024 1035 2089 eodem
1058 2024 1211 2090 nomine?
1237 2060 1279 2069 —
1307 2022 1426 2087 Dorica
1447 2042 1522 2087 vero

399 2128 526 2205 praeter
549 2116 714 2184 ἀνέωνται
735 2120 769 2184 ΙΙ
794 2124 868 2203 165,
898 2141 962 2203 qua
984 2122 1025 2187 de
1046 2122 1148 2187 forma
1169 2123 1253 2186 infra
1274 2121 1456 2186 accuratius
1478 2120 1522 2184 di-

399 2226 496 2298 cetur,
525 2218 658 2283 nomina
678 2218 809 2300 propria
830 2225 954 2283 tantum
976 2219 1185 2301 reperiuntur,
1211 2220 1245 2284 in
1268 2218 1384 2300 quibus
1406 2237 1521 2299 aequa·

399 2318 555 2383 bilitatem
570 2336 636 2380 non
650 2334 787 2397 regnare
803 2335 898 2380 nemo
913 2316 1080 2382 mirabitur
1093 2324 1150 2381 aut
1164 2316 1395 2399 indignabitur.
1418 2352 1462 2362 —
1483 2317 1520 2381 In

399 2421 576 2481 ceterarum
609 2433 685 2478 vero
721 2412 893 2477 formarum
926 2413 1133 2480 fluctuatione
1165 2414 1306 2480 Steinius
1338 2413 1521 2479 anomaliae

397 2514 465 2579 fere
487 2510 718 2598 antesignanus
740 2515 799 2592 est,
822 2511 866 2575 ita
888 2522 997 2576 tamen
1019 2519 1053 2576 ut
1067 2532 1172 2593 neque
1187 2511 1317 2576 diversa
1337 2512 1522 2577 anomaliae

398 2629 519 2693 genera
541 2608 619 2672 satis
642 2606 818 2689 distinguat
846 2627 951 2690 neque
978 2609 1048 2692 ipse
1074 2609 1136 2674 sibi
1158 2615 1289 2674 constet.
1334 2607 1412 2673 Cum
1438 2609 1523 2674 enim

398 2704 595 2771 Herodotum
627 2703 660 2768 in
694 2704 825 2770 vocibus
857 2705 994 2788 duplicis
1026 2706 1173 2771 flexionis
1204 2710 1237 2771 et
1268 2706 1456 2789 positionis,
1490 2708 1522 2769 in

398 2802 564 2870 vocabulis
593 2801 819 2868 heterocliticis
847 2810 879 2868 et
908 2804 1139 2886 metaplasticis
1164 2824 1228 2867 non
1251 2802 1365 2867 eadem
1394 2823 1524 2886 semper

398 2920 490 2966 usum
513 2920 584 2966 esse
606 2898 708 2963 forma
730 2905 762 2965 et
789 2920 905 2983 reapse
935 2907 1184 2967 consentaneum
1212 2902 1254 2966 sit
1282 2908 1314 2965 et
1336 2920 1355 2965 α
1376 2900 1522 2965 codicum

399 2998 570 3079 conjuncta
591 2998 744 3063 memoria
766 2998 891 3062 eluceat
913 2997 1027 3080 (prael.
1048 3019 1080 3080 p.
1097 3000 1245 3079 55-64),
1269 3016 1465 3079 quamquam
1489 2999 1521 3063 in

398 3115 433 3161 re
459 3094 632 3161 admodum
662 3094 784 3160 lubrica
812 3096 970 3159 nonnulla
997 3094 1094 3160 valde
1123 3094 1221 3160 dubia
1250 3100 1340 3173 sunt,
1374 3097 1524 3160 errarunt

398 3213 491 3274 sane,
520 3193 574 3275 qui
596 3194 676 3257 talia
703 3192 857 3258 acerrimo
886 3193 992 3257 studio
1020 3199 1260 3275 oppugnarunt3
1292 3190 1350 3257 sed
1378 3191 1522 3258 Steinius

397 3292 431 3355 in
460 3311 498 3355 eo
527 3298 626 3370 errat,
663 3290 748 3371 quod
776 3290 861 3355 banc
888 3289 1085 3354 anomaliam
1114 3290 1164 3354 bis
1191 3290 1225 3354 in
1253 3289 1361 3354 verbis
1390 3308 1522 3354 excusa·

397 3394 463 3452 tam
493 3388 648 3452 latissime
677 3395 787 3469 patere
812 3387 975 3452 existimat
1001 3388 1110 3468 itaque
1136 3387 1196 3451 ΙΙΙ·
1210 3390 1250 3453 38
1275 3386 1521 3473 τελευτέοντας,

398 3485 413 3548 Ι
437 3488 488 3548 24.
515 3488 573 3549 139
596 3485 638 3548 al.
661 3484 894 3560 τελευτῶντας,
918 3484 967 3547 ΙΙΙ
993 3487 1050 3547 127
1077 3483 1157 3563 δέει,
1184 3485 1268 3550 ΙΙΙ9
1291 3504 1368 3549 vero
1392 3483 1447 3550 δεῖ
1469 3504 1522 3550 ex·

398 3581 496 3646 bibet.
541 3581 655 3663 Neque
676 3581 738 3646 hae
759 3582 793 3645 in
814 3600 850 3646 re
872 3580 933 3646 sibi
955 3588 1095 3663 constat,
1118 3601 1311 3664 quamquam
1334 3580 1422 3645 enim
1445 3580 1522 3646 dicit

396 3680 500 3743 solum
522 3683 588 3742 tum
611 3678 874 3760 aequabilitatem
902 3677 1064 3761 quandam
1093 3677 1308 3762 arripiendam
1332 3697 1419 3758 esse,
1449 3698 1520 3742 eum

398 3794 439 3840 ex
470 3776 635 3859 archetypi
664 3776 789 3841 ratione
818 3796 857 3843 ea
886 3775 1064 3859 probabilis
1092 3776 1133 3841 sit
1160 3776 1270 3857 itaque
1302 3772 1520 3855 τιεζεόμενσς

397 3873 446 3937 IlI
465 3877 524 3938 146
540 3873 584 3936 Vl
603 3876 662 3937 108
679 3874 757 3938 Vlll
776 3878 834 3937 142
852 3880 981 3957 praeter
995 3870 1196 3954 πιεζόμενος
1212 3873 1341 3939 deciens
1356 3872 1519 3953 traditum,

398 3968 552 4048 πιέζεται
579 3970 673 4035 1125
702 3968 816 4049 ἐπίεζε
844 3972 872 4035 V
896 3974 936 4036 35
959 3971 1083 4052 scribit,
1112 3976 1220 4036 tamen
1250 3989 1365 4052 saepe,
1394 3969 1519 4036 etiamsi

396 4066 605 4149 archetypum
626 4065 795 4134 fluctuasse
817 4075 957 4149 constat,
988 4069 1171 4150 analogiam
1193 4066 1356 4149 quandam
1379 4067 1520 4147 sequitur

397 4164 486 4228 velut
513 4164 547 4227 in
575 4163 802 4246 conjugatione
829 4166 998 4232 verborum
1027 4165 1060 4230 in
1083 4188 1144 4230 αω.
1173 4164 1232 4231 ⁴Ut
1260 4164 1410 4247 exemplo
1438 4171 1517 4243 utar,

397 4259 630 4336 τελευτέοντας
652 4261 757 4328 11138
780 4282 882 4345 aeque
904 4282 942 4329 ac
959 4262 1182 4339 τελευτῶντας
1205 4261 1370 4326 Herodoto
1392 4260 1518 4342 tribuis
