3575 5334
445 1671 724 1738 CONSPEOTUS
748 1674 898 1739 RERUM
921 1672 1254 1751 TRAOTATARUM.

278 1823 326 1886 De
344 1831 458 1887 diversis
476 1834 558 1902 alpha
574 1834 689 1903 praefixi
705 1835 847 1905 generibus
892 1874 1326 1890 ...........
1360 1783 1410 1889 mi

276 1909 414 1981 cognatis
432 1912 532 1982 linguis
551 1915 713 1983 comparatis
731 1914 932 1969 demonstretur
955 1915 1094 1983 proprium
1117 1914 1267 1983 praefixum
1283 1914 1325 1969 in-

317 1994 454 2048 tensivum
470 1994 575 2047 nullum
591 1995 676 2049 fuisse
720 2030 1325 2049 ...............
1396 2000 1411 2049 8

330 2073 352 2125 Ι.
388 2074 430 2128 De
447 2073 529 2142 alpha
546 2075 746 2143 prothetico
765 2075 853 2143 agitur
893 2116 899 2127 .
937 2116 942 2128 .
979 2116 1009 2145 .-
1021 2115 1326 2129 ........
1378 2081 1411 2131 42
1464 2122 1467 2128 .

317 2155 351 2207 II.
387 2154 430 2208 De
448 2155 531 2222 alpha
547 2154 712 2223 privativo
731 2156 830 2210 collato
848 2172 879 2209 ve
897 2154 1016 2223 praefixo
1062 2194 1325 2209 .......
1377 2161 1411 2210 54

288 2229 349 2285 ΠΙ.
387 2233 429 2288 De
445 2234 528 2302 alpha
546 2234 736 2303 copulative
761 2274 1325 2290 ...............
1378 2240 1411 2289 90

295 2312 351 2368 IV.
388 2313 431 2367 De
448 2315 530 2382 alpha
546 2315 843 2383 praepositionali
891 2354 1323 2369 ...........
1376 2319 1410 2369 94

195 2452 199 2460 ,
316 2394 350 2447 V.
386 2394 479 2462 Alphe
496 2396 568 2463 quod
585 2395 725 2449 videbatur
743 2410 802 2449 esse
819 2396 980 2451 intensivum
997 2394 1125 2463 stirpis
1142 2398 1185 2449 est
1233 2437 1239 2449 .
1276 2436 1281 2449 .
1318 2436 1324 2450 .
1376 2399 1409 2450 97

297 2474 353 2529 Vl.
387 2471 630 2547 Ἀνετυμολόγητα’
635 2515 1324 2531 .................
1362 2481 1410 2531 101

272 2548 352 2609 VII.
389 2554 497 2610 Dubiae
513 2555 644 2609 lectiones
678 2595 1324 2611 ................
1362 2561 1410 2611 110

544 2894 757 2959 ADDENDA
782 2896 838 2959 ΕΤ
861 2894 1151 2961 OORRIGENDA.

266 3052 352 3128 Pag.
380 3061 460 3115 tilin.
480 3066 512 3115 22
531 3061 612 3115 adde:
631 3062 666 3115 ab

308 3168 323 3178 ·
363 3145 395 3195 20
413 3141 521 3197 Loewei
541 3140 695 3196 dissertatio
718 3157 791 3195 nunc
818 3142 889 3195 edite
911 3146 954 3195 est
976 3141 1004 3193 in
1021 3138 1165 3194 Ritschelii
1186 3144 1240 3194 set.
1263 3156 1317 3195 soe.
1343 3142 1409 3210 phil.

414 3219 488 3290 Lips.
507 3221 558 3275 vol.
576 3220 609 3272 II.
646 3220 686 3274 Of.
704 3221 740 3275 ib.
758 3238 785 3290 p.
804 3225 949 3274 466-469.

310 3326 325 3336 -
365 3303 397 3353 22
415 3300 461 3355 lin⁴
480 3306 494 3354 8
513 3304 583 3368 lege:
607 3300 707 3368 Celtae,
728 3299 761 3355 cf.
780 3316 806 3368 p.
825 3306 867 3354 53.

311 3405 326 3416 -
366 3384 397 3433 29
415 3380 461 3435 lin.
481 3383 530 3435 ult.
548 3383 619 3449 lege:
638 3380 742 3436 infesti:

312 3485 327 3496 -
366 3466 396 3514 70
414 3461 545 3516 Nicandri
562 3476 655 3516 versus
674 3462 705 3517 O.
725 3462 906 3516 Schneiderus
923 3461 962 3514 ita
979 3459 1112 3514 restituit:

540 3563 607 3631 ξηρὰ
627 3559 658 3613 δ’
680 3561 824 3622 institisse
842 3558 906 3632 6205
921 3559 1099 3631 χελλύσσεται
1117 3558 1183 3631 ἄτῃ·

541 3638 653 3711 ἀβλεμὲς
671 3635 687 3706 ἦ
704 3643 758 3711 γὰρ
777 3649 847 3696 κεῖνο
866 3644 939 3696 πέλει
955 3640 1051 3710 fidens·
1069 3643 1122 3693 κτλ,

415 3742 468 3799 Sed
491 3745 542 3799 etsi
566 3750 657 3799 cetera
681 3744 814 3809 concedo,
840 3740 953 3815 ἅβλεμές
976 3743 1076 3799 rectius
1093 3744 1129 3798 ad
1149 3744 1261 3797 verbum
1280 3745 1351 3813 χελλ.
1369 3761 1411 3801 re·

414 3823 502 3877 fertur
519 3839 601 3879 sensu
618 3840 672 3878 non
689 3825 776 3879 minus
795 3826 950 3894 perspicuo.
986 3825 1028 3878 ef.
1047 3825 1132 3880 schol.
1153 3824 1231 3877 adh.
1249 3824 1266 3877 l.

319 3924 333 3936 ·
368 3904 460 3957 94191.
479 3909 494 3958 9
513 3904 582 3972 lege:
603 3907 618 3971 ξ
638 3908 678 3958 42.
