3575 5334
755 689 788 741 de
805 690 887 757 alpha
904 689 1044 742 intensive.
1113 760 1115 765 Ι
1297 767 1300 773 ¹
1420 688 1459 749 23

335 858 493 925 Hoeferus
524 859 651 942 quidem
682 878 800 944 operae
828 860 964 942 pretium
994 880 1065 926 esse
1094 859 1289 926 existimavit
1316 862 1350 925 in
1378 882 1461 926 com·

335 955 458 1039 posita,
488 975 572 1039 quae
599 957 641 1021 ab
663 958 695 1019 ιἰι
717 958 957 1041 praepositione
978 957 1151 1039 incipiunt,
1178 957 1349 1039 inquirere.
1394 960 1462 1024 Neo

337 1060 446 1119 tamen
484 1054 547 1118 hoo
575 1054 783 1136 conquirendi
813 1055 941 1137 negotio
970 1054 1180 1136 supersedere
1212 1074 1394 1137 possumus,
1434 1058 1461 1121 si

337 1168 419 1231 quae
440 1150 485 1214 ibi
509 1150 627 1216 similia
647 1151 854 1217 inveniuntur
874 1153 908 1216 in
924 1150 1193 1234 comparationem
1209 1151 1357 1217 vocanda
1378 1160 1460 1217 sunt.

338 1247 445 1335 Verba
460 1266 543 1331 quae
565 1248 627 1313 huo
642 1249 802 1331 pertinent
816 1286 858 1295 —
873 1257 909 1313 ut
923 1249 963 1313 ab
986 1248 1024 1314 iis
1046 1249 1237 1331 incipiamus
1252 1250 1461 1331 —pleraque

338 1353 411 1409 sunt
445 1346 591 1411 derivata
618 1347 707 1412 velut
738 1346 866 1429 daupjan
894 1364 1016 1428 angore
1043 1344 1185 1425 allicere,
1219 1345 1386 1429 indrunjan
1415 1348 1461 1411 in·

336 1442 490 1524 uendere,
522 1442 689 1527 iuliulrtjarr
711 1444 910 1522 illuminare,
943 1442 1116 1526 zismdr‘djca
1144 1443 1329 1524 immutare,
1359 1442 1461 1509 defor-

336 1559 434 1619 mare,
459 1539 642 1623 iurarilrtjon
664 1548 762 1605 trans.
785 1548 816 1606 et
836 1540 909 1604 intr.
931 1540 980 1603 ira
993 1538 1120 1605 afficere
1135 1546 1168 1605 et
1184 1540 1289 1624 irasci,
1312 1540 1460 1624 inediljurr

336 1636 411 1702 resti
435 1637 581 1719 alligare,
605 1638 770 1721 insendjcu
793 1638 934 1716 mittere,
958 1636 1146 1713 s'asor'rrtlrjurr
1168 1638 1389 1716 corroborare,
1414 1639 1460 1700 ιἰι-

337 1733 469 1816 tcrrdjcc
484 1734 666 1816 incendere,
689 1734 867 1817 iotrurpjcu
889 1735 1059 1815 inculeare,
1083 1734 1229 1819 incupjarr
1251 1754 1390 1817 movere,
1413 1737 1460 1797 ιἰι-

334 1830 473 1913 ocudjua
510 1838 673 1915 torquere,
713 1832 810 1916 juxta
847 1851 930 1914 quae
969 1831 1128 1915 simplicia
1163 1833 1217 1896 ubi
1255 1832 1461 1898 inveniuntur

335 1928 474 1993 eandem
496 1929 565 1995 fere
587 1928 850 2012 significationem
874 1928 1029 1993 exhibent
1052 1931 1140 1995 velut
1167 1929 1331 2014 prcnrjcc,
1361 1930 1459 1993 meid-

318 2024 399 2108 jan,
422 2025 566 2109 sandjan,
590 2026 730 2110 tuadjurr,
752 2025 919 2110 sciatisne,
943 2025 1076 2108 liuhtjurr
1092 2026 1200 2101 (intra).
1236 2028 1274 2091 In
1289 2026 1340 2092 his
1362 2027 1461 2091 omni·

332 2122 393 2187 bus
409 2121 518 2188 verbis
532 2124 620 2189 notio
642 2124 694 2189 vel
717 2124 881 2188 causativa
902 2124 955 2188 vel
974 2122 1201 2205 immediativa,
1224 2124 1297 2206 ipsa
1310 2122 1460 2187 infinitivi

330 2220 559 2285 terminatione
580 2219 650 2303 -juu
673 2240 827 2303 expressa
848 2219 1088 2303 praepositione
1103 2228 1246 2303 augetur,
1263 2239 1345 2302 quae
1358 2227 1460 2285 trans-

329 2317 409 2381 ferri
439 2317 598 2383 actionem
621 2317 654 2381 in
684 2318 824 2399 aliquem
852 2316 1001 2398 denotat,
1035 2336 1100 2381 non
1128 2317 1214 2382 intus
1243 2335 1314 2381 eam
1342 2317 1395 2382 vel
1419 2336 1459 2381 ex

328 2415 487 2480 intestino
515 2414 597 2493 fieri,
626 2422 661 2479 ut
683 2414 839 2480 Hoeferus
868 2420 969 2497 putat.
1014 2415 1127 2496 ltaque
1155 2415 1238 2479 inter
1259 2412 1398 2496 mdirljcrr
1427 2421 1460 2478 et

329 2511 521 2595 rirmdidjua,
553 2513 636 2577 inter
664 2510 794 2595 tucctjca
824 2518 856 2575 et
880 2511 1044 2596 r'rrtcndjuo
1072 2533 1138 2577 non
1166 2510 1256 2575 aliud
1287 2510 1458 2575 discrimen

331 2618 382 2675 est
404 2616 503 2691 atque
524 2610 607 2675 inter
628 2610 778 2674 Latinum
809 2618 931 2670 mutere
953 2615 985 2673 et
1012 2610 1185 2672 immutare.
1232 2607 1354 2695 Eadem
1377 2610 1458 2674 ratio

328 2705 504 2771 intercedit
530 2706 614 2771 inter
641 2708 774 2772 verbum
803 2705 982 2770 derivatum
1011 2705 1171 2790 inuljoadu
1197 2706 1246 2769 ira
1274 2704 1401 2770 afficere
1427 2713 1459 2770 et

331 2804 462 2886 uljurrdu
494 2804 605 2886 irasci,
639 2810 671 2869 et
699 2804 835 2865 incertae
863 2823 933 2868 oum
962 2805 1078 2868 Latino
1107 2806 1252 2865 invocare
1280 2802 1458 2885 comparari

331 2907 449 2983 potest.
494 2900 658 2966 Nonnulla
685 2901 785 2966 verba
812 2901 975 2983 primitiva
1003 2901 1072 2965 sive
1099 2906 1134 2963 ut
1156 2899 1310 2964 Grimmio
1338 2899 1459 2981 placuit

332 2998 466 3062 tortiora
489 2997 612 3062 Latinis
640 2998 747 3063 verbis
776 2998 960 3081 compositis
988 3018 1059 3062 cum
1087 2997 1118 3057 ιἰι
1147 2996 1384 3079 praepositione
1407 3016 1458 3061 eo·

333 3095 404 3160 dem
430 3094 501 3176 ejus
529 3114 624 3160 sensu
652 3095 912 3177 respondent-ut
936 3094 1097 3157 icrcr'lroco
1123 3094 1298 3176 inspicere,
1328 3092 1457 3155 insulan

334 3192 476 3257 indicere
498 3191 735 3268 (unde-insulto
759 3190 929 3278 διήγησις,
952 3190 1121 3269 indicium,
1145 3188 1312 3269 namatio),
1336 3189 1456 3251 ιἰιιάιάιι

334 3289 485 3368 inserere,
508 3288 752 3371 intransitivum,
776 3290 894 3351 ιἰιιιιζιιιιι
921 3297 970 3354 est
991 3290 1011 3353 i.
1035 3308 1064 3369 q.
1088 3287 1217 3350 instare.

417 3386 495 3450 Alia
516 3393 590 3450 sunt
611 3386 712 3465 verba
735 3386 870 3451 Gothioa
898 3394 931 3451 et
958 3384 1121 3468 primitiva
1151 3389 1183 3447 et
1213 3381 1358 3447 derivata
1380 3402 1455 3447 oum

335 3486 363 3545 ia
384 3483 626 3567 praepositione
646 3484 831 3566 composita,
854 3483 969 3565 quibus
990 3482 1182 3546 intensivam
1205 3479 1367 3545 notionem
1385 3482 1457 3546 sub-

335 3600 401 3647 esse
417 3582 516 3646 etiam
539 3577 749 3646 confidentius
771 3580 942 3659 censueris,
965 3580 1054 3644 velut
1076 3578 1216 3660 infetcua
1239 3577 1456 3659 σπλαγχιίζε-

336 3685 435 3757 σθαι,
466 3677 557 3760 eujus
586 3685 716 3762 etymon
744 3696 786 3742 ne
812 3677 995 3743 novissimis
1025 3676 1153 3758 quidem
1188 3674 1456 3757 explicationibus

335 3777 534 3860 exploratum
558 3782 621 3854 est,
652 3775 793 3837 iareirua
815 3775 901 3839 intus
924 3782 1073 3855 tremere,
1098 3773 1227 3837 horrere
1234 3819 1242 3852 ,
1270 3772 1357 3836 etin
1380 3794 1456 3835 -rrcrr

335 3872 514 3939 desinentia
543 3870 717 3934 uirdrdbrrau
744 3871 895 3937 intestino
920 3888 1064 3936 maerore
1091 3867 1190 3948 affici,
1221 3868 1317 3933 valde
1345 3868 1456 3936 dolere

331 3968 421 4049 juxte
443 3968 597 4045 dr’dtnau,
620 3969 755 4034 fortasse
769 3969 940 4031 inlaudata
963 3967 1172 4033 exardescere
1190 3965 1285 4048 juxta
1307 3964 1454 4042 tundnau,

335 4085 526 4150 quamquam
555 4065 589 4130 in
617 4066 678 4130 hoc
707 4065 855 4130 Latinum
884 4064 1048 4127 incendere
1077 4064 1159 4127 ultro
1189 4082 1224 4127 se
1253 4062 1345 4125 offert
1372 4080 1454 4125 com-

335 4167 523 4245 parandum.
569 4162 715 4228 Difficilis
743 4162 786 4227 ad
814 4161 1042 4245 explicandum
1071 4167 1119 4224 est
1146 4157 1334 4241 significatio
1364 4157 1453 4222 verbi

336 4261 451 4327 turritan
477 4258 664 4343 ἀρνεῖσθαι
687 4279 821 4341 negare,
852 4258 996 4339 infitiari,
1027 4258 1143 4321 collato
1165 4255 1300 4337 pavidare
1322 4254 1454 4336 conjun-
