3575 5334
330 664 371 724 64
847 666 948 721 Ciemm

330 836 568 904 strumentalem
598 858 705 903 casum
737 836 936 904 deflexerunt
957 837 1072 903 Graeci
1099 835 1155 902 διά
1177 838 1197 902 1.
1221 857 1249 903 0.
1273 834 1369 900 ‹irc-o
1391 837 1452 902 sin·

330 935 434 1017 gulari
456 955 603 1016 numero,
633 936 750 1017 plurali
780 935 915 1001 fortasse
936 936 1073 1000 Romani
1096 935 1144 997 dis
1173 931 1300 1014 (01.1ξ,
1327 929 1452 1019 ἀμφί-ς

331 1054 399 1116 sup.
435 1054 465 1115 p.
498 1036 556 1109 16).
616 1031 706 1110 Quae
746 1033 818 1097 huic
851 1032 1056 1115 explicationi
1087 1051 1266 1116 repugnare
1306 1031 1454 1097 videntur

331 1130 394 1194 duo
416 1136 505 1195 sunt:
539 1129 684 1213 ejusdem
706 1131 815 1213 stirpis
836 1138 902 1195 tam
926 1130 1073 1196 diversae
1095 1129 1289 1213 propagines
1311 1128 1375 1206 dtr,
1398 1128 1452 1206 tto,

330 1249 367 1289 oe
396 1233 428 1293 et
455 1227 621 1311 productio
650 1227 772 1292 vocalis
794 1227 827 1291 in
851 1227 966 1293 Latino
995 1225 1138 1310 praefixo
1160 1238 1204 1291 oc.
1249 1225 1340 1290 Prius
1362 1246 1454 1308 argu·

331 1332 471 1390 mentum
491 1325 561 1407 jam
584 1323 710 1389 Curtius
733 1324 754 1388 1.
769 1323 790 1388 1.
807 1328 847 1389 35
870 1324 1020 1391 refutavit
1041 1324 1234 1407 comparatis
1257 1322 1454 1389 certissimae

331 1423 531 1503 cognationis
553 1421 718 1485 vocabulis
741 1420 811 1498 duo,
835 1421 890 1499 bis,
913 1422 1047 1503 ori-pinti,
1070 1426 1192 1499 νίκιπι,
1216 1421 1353 1486 alterum
1375 1440 1455 1488 sanc

331 1520 512 1600 neglectum
528 1525 586 1583 est.
620 1518 685 1583 scd
707 1517 878 1601 perspicua
892 1538 943 1584 res
966 1520 1036 1601 erit,
1060 1518 1086 1583 si
1110 1537 1232 1582 mecum
1256 1516 1298 1582 ad
1322 1519 1452 1601 stirpem

332 1617 392 1678 doc
413 1615 609 1697 confugeris,
633 1614 723 1698 cujus
745 1635 802 1698 per
823 1616 997 1681 locativum
1020 1635 1129 1681 casum
1152 1615 1241 1677 doc-i
1262 1615 1305 1679 ad
1327 1627 1362 1679 ot
1385 1636 1455 1698 por·

331 1712 487 1778 venimus.
531 1713 574 1776 At
595 1731 801 1794 quaecunque
823 1713 926 1777 torma
952 1720 1037 1792 erat,
1067 1710 1241 1795 separandi
1263 1710 1454 1793 significatio

332 1808 444 1874 eadem
466 1816 576 1875 manet
603 1809 768 1891 negationi
789 1818 943 1892 cognats3
977 1810 1114 1874 Romani
1142 1815 1249 1873 autem
1278 1807 1454 1890 praefixum

331 1928 367 1968 oe
390 1926 454 1970 non
477 1908 579 1988 magis
601 1907 644 1971 ad
666 1907 846 1987 augendam
863 1908 1091 1972 vocabulorum
1113 1904 1377 1988 significationem
1401 1906 1455 1972 ad·

331 2004 503 2069 tribuerunt
539 2023 632 2085 quarn
670 2005 701 2065 in
744 2005 945 2086 negativum,
982 2003 1118 2070 similem
1155 2004 1375 2068 tantummodo
1413 2002 1454 2069 ad

333 2099 426 2165 finem
449 2102 498 2165 usi
519 2102 551 2163 io
574 2102 820 2185 praepositione.
861 2101 954 2180 Quod
977 2107 1089 2166 contra
1110 2101 1178 2166 fieri
1199 2100 1346 2166 videmus
1368 2100 1455 2183 apud

332 2198 472 2263 Graecos
502 2198 555 2279 qui
584 2198 708 2264 etiamsi
737 2219 800 2262 non
830 2198 944 2263 eodem
972 2198 1067 2263 morlo
1096 2218 1158 2280 quo
1187 2198 1340 2263 Germani
1364 2218 1456 2281 prae

331 2294 428 2359 fixum
458 2295 644 2378 negativum
677 2302 867 2378 posuerunt,
900 2303 1008 2361 tamon
1038 2296 1138 2379 alpha
1168 2295 1360 2379 privativum
1391 2316 1455 2361 non

331 2393 442 2476 paucis
470 2411 541 2457 cum
571 2393 736 2458 vocabulis
765 2393 811 2456 ita
839 2392 1090 2474 conjunxerunt,
1124 2397 1159 2455 ut
1187 2392 1326 2473 speciem
1356 2392 1456 2475 alpha

331 2490 482 2555 intensivi
506 2489 766 2571 praeseferret,
788 2489 1004 2571 grammaticis
1025 2496 1112 2554 certe
1133 2507 1259 2570 semper
1282 2488 1341 2553 hoc
1364 2508 1456 2573 para·

269 2606 272 2611 ·
331 2594 397 2650 tum
420 2587 575 2650 auxilium
599 2593 676 2667 erat,
700 2586 847 2666 quotiens
869 2606 951 2651 sana
973 2587 1098 2652 ratione
1114 2586 1373 2652 destituerentur.
1407 2587 1456 2650 Ex

331 2683 403 2764 ipsa
425 2684 627 2747 enarratione
650 2683 867 2766 exemplorum
888 2683 922 2747 id
944 2683 1048 2766 magis
1069 2683 1250 2766 apparebit.

422 2835 450 2907 1)
478 2811 647 2906 taarog.

333 2977 371 3040 ln
400 2978 461 3042 hoc
489 2978 595 3043 statim
625 2978 783 3043 vocabulo
810 2979 1036 3059 grammaticos
1065 2998 1146 3043 sana
1174 2978 1297 3043 ratione
1324 2978 1456 3044 destitui

332 3074 477 3140 videmus
500 3076 553 3157 qui
576 3076 652 3158 quid
681 3075 722 3140 de
743 3075 844 3139 tribus
867 3073 932 3140 illis
953 3076 1053 3158 alpha
1080 3075 1246 3140 vocalibus
1269 3074 1456 3157 judicarent

331 3172 429 3254 plane
450 3173 620 3238 nescirent.
650 3172 713 3236 Alii
730 3172 814 3237 enim
829 3171 879 3237 bis
901 3171 1048 3237 additum
1063 3192 1134 3239 esse
1148 3172 1248 3254 alpha
1261 3172 1456 3256 privativum

331 3274 484 3351 putarunt
516 3290 648 3351 quorum
681 3270 817 3335 alterum
846 3270 947 3335 altero
976 3269 1106 3334 tollatur
1133 3276 1167 3334 ut
1195 3271 1283 3335 Eust.
1307 3272 1381 3350 985,
1407 3274 1455 3351 16,

335 3369 425 3447 1902,
449 3371 506 3447 50,
535 3367 590 3431 alii
614 3366 654 3431 de
677 3366 798 3450 duplici
819 3368 919 3450 alpha
940 3367 1100 3432 intonsivo
1121 3366 1279 3448 cogitasse
1305 3366 1457 3432 videntur

331 3468 366 3526 ut
394 3462 493 3528 schol.
518 3462 545 3526 V
567 3462 609 3526 ad
631 3463 663 3531 Ξ
684 3466 742 3527 291
770 3459 1135 3547 ὑπερεπιτατικὸν
1162 3462 1202 3528 τὸ
1231 3469 1385 3528 τοιοῦτον
1409 3458 1456 3529 εἶ-

333 3562 389 3622 ναί
419 3580 535 3644 φασιν,
570 3554 588 3622 ὃ
618 3556 738 3624 ταύτόν
769 3559 859 3626 ἐστιν
889 3560 940 3627 ἑνὶ
973 3556 1070 3645 ἁπλῷ
1099 3562 1177 3639 uri„
1211 3560 1311 3626 schol.
1334 3561 1389 3625 BL
1418 3558 1456 3625 τὸ

331 3655 406 3719 λίαν
434 3653 726 3736 βλαπτικώτατον,
760 3659 816 3721 alii
849 3659 1040 3741 privativum
1069 3666 1102 3723 et
1138 3657 1331 3723 intensivum
1367 3677 1458 3740 prae·

332 3750 429 3815 fixum
453 3752 623 3834 conjuncta
645 3772 715 3820 esse
737 3755 905 3821 voluerunt
935 3761 969 3819 ut
994 3755 1092 3819 schol.
1117 3756 1143 3819 B
1165 3755 1207 3819 ad
1229 3754 1261 3822 Ξ
1282 3757 1341 3818 271
1373 3753 1413 3818 τὸ
1436 3778 1457 3818 0

334 3849 390 3912 καὶ
413 3852 571 3934 στέρησιν
594 3851 652 3915 καὶ
680 3849 881 3917 ἐπίτασιν
906 3850 1018 3937 δηλοῖ,
1047 3848 1093 3927 ὡς
1123 3848 1268 3935 ἀβλαβὲς
1299 3852 1360 3932 μὲν
1384 3864 1458 3929 τοῖς

333 3937 502 4031 εὐόρκως,
535 3948 747 4031 πολυβλαβὲς
778 3947 814 4013 δὲ
843 3959 916 4025 τοῖς
945 3946 1138 4030 ἐπιόρκοις,
1172 3948 1271 4013 schol.
1297 3949 1324 4013 V
1355 3951 1456 4033 φ91,

333 4043 381 4106 Et.
398 4043 439 4107 M.
460 4048 485 4123 1,
503 4046 553 4125 20,
570 4045 656 4127 Hes,
678 4046 804 4110 inerunt
826 4046 922 4109 etiam
939 4046 992 4128 qui
1007 4045 1049 4110 ad
1064 4046 1218 4111 diectasin
1237 4044 1457 4127 confugerent,

332 4158 374 4204 ne
401 4140 517 4222 multa,
552 4142 632 4206 nihil
661 4163 726 4207 non
748 4148 953 4225 temptarunt.
999 4144 1066 4208 Nec
1088 4143 1191 4225 major
1212 4161 1388 4208 consensus
1411 4150 1459 4209 est

334 4237 541 4302 recentiorum
580 4240 789 4319 interpretum
822 4258 953 4320 quorum
987 4240 1080 4305 alteri
1119 4239 1313 4323 privativum
1350 4240 1459 4306 defen·
