3575 5334
749 680 781 734 de
799 679 880 748 alpha
897 680 1039 734 intensive.
1063 639 1066 644 -
1401 677 1456 736 tot

330 848 416 913 enim
451 857 500 915 est
533 870 588 915 our
618 850 777 933 ejusmodi
809 851 965 916 auxilium
998 870 1201 933 spernamus,
1235 848 1293 916 sed
1327 848 1460 915 forsitan

331 946 489 1029 quispiam
512 948 731 1030 probabiliora
752 948 930 1031 protulerit.

614 1227 669 1292 Vl.
717 1221 994 1291 ΆΝΕΤῩΜΟΛ
1001 1228 1062 1291 ΘΓ
1059 1230 1176 1290 ΗΤΑ.

416 1377 594 1445 Prudentes
629 1380 679 1444 illi
712 1386 787 1445 sunt
819 1378 888 1462 qui,
929 1397 1000 1443 oum
1035 1376 1254 1443 difficillimam
1292 1376 1458 1443 nesciendi

331 1481 431 1540 artem
455 1475 634 1557 didicerint,
663 1477 690 1543 si
713 1476 789 1560 quid
811 1477 872 1560 ipsi
896 1476 977 1541 nihil
1000 1495 1065 1541 non
1088 1476 1194 1541 conati
1217 1474 1382 1558 explicare
1403 1495 1458 1540 ne·

332 1580 467 1655 queunt,
496 1572 530 1637 id
558 1573 592 1638 iu
619 1574 726 1641 medio
754 1576 878 1639 malunt
900 1574 1081 1655 relinquere
1105 1594 1200 1656 quam
1223 1574 1332 1638 omnia
1353 1571 1458 1638 videri

332 1670 522 1752 explicasse.
567 1670 681 1753 Neque
703 1691 838 1754 usquam
865 1691 947 1754 quae
969 1670 1098 1752 quidem
1124 1690 1209 1736 nunc
1232 1671 1387 1737 scientiae
1409 1674 1459 1736 est

331 1766 476 1833 condicio
510 1768 604 1852 plura
632 1770 665 1835 iu
693 1768 800 1835 medio
829 1766 1043 1851 relinqucnda
1070 1774 1145 1834 sunt
1173 1788 1268 1850 quam
1296 1769 1330 1832 in
1363 1768 1459 1833 rebus

331 1864 562 1948 etymologiois,
585 1867 641 1931 ubi
663 1867 809 1949 quamvis
831 1867 932 1931 multa
952 1885 1146 1930 summorum
1161 1866 1300 1931 virorum
1323 1864 1460 1928 admira·

330 1962 387 2027 bili
410 1962 559 2027 acumine
587 1963 756 2045 explorata
779 1970 810 2028 et
831 1963 980 2046 exposita
1009 1962 1088 2044 sint,
1119 1964 1218 2028 multo
1248 1969 1357 2028 tamen
1379 1959 1460 2025 ditfi·

332 2060 441 2125 oiliora
470 2061 647 2125 futurorum
678 2060 888 2144 interpretum
921 2059 1090 2141 sagacitati
1122 2065 1299 2125 servantur.
1352 2059 1459 2124 Etiam

330 2156 475 2223 interea
502 2158 662 2223 vocabula
689 2177 771 2240 quae
792 2158 834 2223 ab
857 2155 958 2239 alpha
980 2156 1140 2222 intensive
1162 2156 1305 2239 incipere
1328 2154 1459 2237 quidam
1583 2153 1586 2157 ’

331 2254 503 2338 opinantur
543 2256 702 2321 nonnulla
745 2255 925 2321 invenimus
962 2273 1095 2336 quorum
1128 2252 1335 2336 explicationi
1374 2251 1459 2317 vires

331 2358 458 2418 nostras
480 2373 545 2417 nou
574 2350 718 2418 sufficere
745 2353 846 2419 libere
876 2349 1095 2435 profiteamur,
1122 2350 1180 2417 sed
1202 2349 1353 2432 quoniam
1382 2347 1460 2430 quid

330 2448 391 2532 ipsi
417 2444 464 2514 ¹de
492 2450 627 2532 singulis
657 2449 813 2534 exemplis
842 2449 1017 2515 sentiamus
1045 2448 1177 2514 reticere
1209 2446 1385 2526 noluimus,
1419 2465 1460 2511 ea

331 2566 394 2610 non
417 2545 513 2611 aliter
535 2552 722 2613 enarrentur
744 2566 839 2628 quam
863 2565 945 2627 quae
968 2545 1073 2611 adbuc
1095 2550 1233 2610 tractata
1255 2550 1338 2609 sunt.
1374 2542 1460 2622 Quid

331 2643 440 2707 enim?
486 2643 513 2709 si
544 2644 775 2727 explicationes
803 2664 824 2708 a
853 2643 930 2709 viris
959 2644 1060 2709 doctis
1086 2644 1232 2726 prolatae
1254 2641 1328 2707 aliis
1351 2639 1460 2708 verisi-

331 2740 473 2806 miliores
488 2739 655 2806 videantur
670 2760 765 2823 quam
780 2740 942 2806 nobismet
956 2741 1035 2824 ipsis
1047 2738 1099 2806 vel
1115 2746 1243 2805 nostrae
1255 2738 1459 2821 conjecturae

330 2856 394 2902 nou
418 2837 517 2920 plane
538 2836 768 2920 improbentur,
792 2858 868 2902 num
890 2838 972 2902 nihil
994 2857 1054 2902 nos
1076 2838 1249 2920 profecisse
1266 2832 1459 2901 credamus?

332 2933 396 3000 Sed
419 2932 532 2999 videas
555 2935 635 3018 ipse.

417 3072 448 3144 1)
483 3065 613 3151 άβάλε

331 3205 398 3271 sive
421 3192 443 3267 ά
465 3201 567 3287 βάλε
591 3204 708 3286 legitur
730 3202 816 3288 apud
832 3206 978 3268 Alcman.
995 3203 1086 3285 trgm.
1103 3206 1190 3280 26,2
1214 3202 1332 3283 Bergk.
1355 3198 1457 3283 βάλε

332 3300 394 3389 δὴ,
418 3298 521 3384 βάλε
546 3298 688 3386 κηρύλος
711 3299 783 3387 ε’ίην
806 3300 876 3365 sine
899 3300 997 3383 alpha
1020 3306 1052 3365 et
1074 3300 1150 3364 item
1168 3297 1255 3381 apud
1270 3297 1458 3363 Gallimaoh.

332 3397 421 3482 lrgm.
446 3403 501 3463 66θ
525 3397 576 3462 ed.
599 3397 816 3463 Schneiderus

415 3529 453 3597 o’
477 3529 540 3616 γάρ
562 3556 622 3613 μοι
644 3536 744 3619 πενίη
768 3530 951 3615 πατρώιος,
981 3524 1057 3596 oib’
1082 3527 1152 3595 άπὸ
1176 3527 1330 3594 πάππων

416 3628 488 3711 εἰμὶ
509 3629 721 3715 λιπερνῆνις·
744 3628 845 3713 βάλε
868 3653 944 3709 μοι,
965 3628 1068 3713 βάλε
1092 3627 1130 3693 τὸ
1153 3633 1266 3713 τρίτον
1290 3625 1341 3713 εἴη

331 3775 441 3847 contra
463 3764 556 3846 trgm.
572 3768 633 3828 455
657 3760 678 3827 ά
686 3762 785 3846 βάλε
809 3760 892 3849 μηδ’
918 3760 1100 3849 ἀβόλησαν,
1123 3763 1248 3846 dequo
1271 3762 1309 3827 cf.
1325 3762 1460 3829 novissi·

286 3941 288 3948 Ι
331 3883 416 3927 mum
446 3861 612 3928 editorem.
665 3861 824 3926 Nimirum
854 3860 1087 3926 Callimachum
1119 3860 1220 3926 secuti
1253 3860 1459 3942 anthologiae

330 3968 447 4043 poetae
486 3958 624 4024 eandem
657 3958 912 4040 interjectionem
948 3964 1142 4042 usurparunt
1173 3957 1235 4021 Vll
1270 3961 1350 4038 583,
1386 3960 1465 4039 699,Ι

330 4058 377 4121 IX
411 4060 484 4122 218.
536 4056 684 4138 Plerique
716 4062 858 4121 veterum
887 4056 1166 4138 grammaticorum
1206 4073 1336 4134 quorum
1371 4053 1459 4116 locos

330 4154 503 4238 diligenter
533 4153 662 4235 collegit
690 4159 722 4218 et
750 4152 909 4237 disposuit
936 4154 971 4217 L.
996 4154 1146 4235 Langeus
1174 4152 1208 4214 in
1235 4156 1297 4213 act.
1320 4167 1383 4213 soc.
1410 4147 1458 4211 lit.

330 4250 405 4317 Sex.
436 4250 480 4315 Vl
504 4253 566 4316 338
582 4269 630 4331 sq.
661 4248 723 4314 duo
757 4250 918 4314 vocabula
949 4248 1087 4315 conflata
1116 4266 1187 4313 esse
1215 4250 1347 4309 censent
1382 4260 1458 4324 quo·
