3575 5334
406 686 466 748 154
896 689 1037 747 Merzdorf

404 866 566 947 φέρουσι·
590 867 694 949 σφέες
717 868 827 948 σφέας
849 867 965 948 σφέων
979 860 1137 950 Ὅμηρος,
1160 863 1255 948 quod,
1278 885 1349 932 oum
1372 864 1414 933 de
1437 866 1526 933 hero·

403 958 498 1025 doteo
521 959 657 1041 quodam
681 966 787 1047 σφέες
808 960 942 1043 eogitari
962 981 1028 1025 non
1050 962 1166 1044 possit,
1196 974 1297 1048 σφεῖς
1319 965 1384 1041 (vei
1408 968 1524 1049 σφέες)

401 1057 488 1140 apud
518 1058 689 1123 Homerum
718 1059 860 1124 nondum
887 1077 1047 1142 apparere
1074 1058 1277 1127 Herodianus
1298 1086 1335 1127 π.
1359 1060 1401 1126 a.
1424 1084 1523 1145 προσ.

403 1160 452 1233 (Χ
476 1161 551 1234 410)
585 1155 692 1221 dooet:
730 1152 789 1221 οὐκ
820 1152 892 1221 οἶδε
922 1155 959 1222 δὲ
989 1150 1008 1219 ὃ
1036 1154 1182 1243 ποιητὴς
1212 1153 1287 1223 οὔτε
1316 1157 1377 1245 τὴν
1405 1160 1421 1223 ἲ
1449 1154 1522 1224 οὔτε

400 1253 461 1341 τὴν
484 1264 595 1340 σφεῖς.

486 1352 618 1418 Alterae
650 1351 773 1416 formae
805 1350 916 1416 aoristi
945 1350 1093 1433 seoundi,
1128 1351 1182 1433 qui
1211 1350 1342 1433 dieitur,
1375 1352 1522 1418 infinitivi

400 1459 486 1518 sunt.
512 1451 642 1516 Praeter
664 1448 792 1514 solitam
813 1447 904 1513 illum
919 1456 952 1515 et
972 1446 1059 1531 apud
1074 1448 1198 1515 Attioos
1220 1455 1253 1514 et
1273 1450 1361 1533 apud
1382 1451 1523 1517 mitiores

401 1548 575 1613 Dorienses
596 1547 746 1612 usitatam
774 1545 1029 1611 terminationem
1058 1547 1091 1611 in
1113 1558 1182 1611 -εῑν
1209 1545 1296 1611 haud
1322 1568 1396 1613 raro
1418 1549 1454 1613 in
1475 1568 1522 1615 oo·

401 1646 524 1710 dioibus
552 1643 648 1708 modo
675 1643 841 1708 nonnullis
868 1643 963 1708 modo
991 1643 1139 1709 omnibus
1167 1664 1207 1710 ea
1233 1643 1351 1725 forma,
1381 1665 1479 1728 quam
1506 1670 1520 1712 ε

400 1742 653 1816 πλεοναοτικιῦς
688 1747 815 1805 auotam
849 1759 921 1806 esse
953 1740 1142 1823 eredebant,
1180 1766 1267 1807 -εειν
1302 1750 1433 1825 praesto
1465 1749 1521 1825 est,

379 1859 495 1922 uuam
518 1838 637 1920 quippe
665 1837 791 1902 hiantes
813 1836 942 1903 vooales
963 1840 1179 1905 continentem
1206 1860 1264 1905 suo
1286 1858 1374 1928 more
1395 1859 1523 1905 aecura

398 1938 462 2004 tius
483 1935 627 2001 oodioum
650 1934 774 2000 ratione
795 1955 860 1999 non
885 1934 998 2001 habita
1019 1936 1204 2001 Dindorfius
1226 1958 1257 2020 p.
1280 1936 1377 2002 XXV
1403 1937 1522 2021 ubique

302 2082 305 2087 -
398 2033 510 2117 reponi
527 2032 632 2114 jessit.
664 2032 782 2097 Contra
804 2032 982 2099 Bredovius
1003 2055 1034 2117 p.
1057 2037 1225 2098 324-327
1244 2034 1313 2117 jam
1336 2053 1355 2100 e
1376 2034 1521 2100 oodioum

398 2133 522 2198 ratione
549 2142 627 2210 -εῑν,
661 2132 760 2196 multo
794 2131 924 2213 saepius
953 2152 1047 2214 quam
1077 2156 1145 2197 εειν
1178 2132 1342 2214 traditum,
1373 2134 1521 2199 omnibus

317 2302 318 2305 Ἴ
397 2231 475 2297 loeis
497 2230 729 2297 restituendum
758 2248 829 2294 esse
853 2228 1011 2310 ostendit,
1040 2249 1139 2312 quare
1167 2231 1275 2294 omnia
1296 2231 1448 2312 exempla
1469 2232 1520 2297 hio

395 2331 509 2397 afferre
530 2331 662 2411 longum
685 2334 742 2392 est.
787 2328 836 2391 Ea
857 2333 996 2408 tanturn,
1019 2346 1103 2409 quae
1124 2328 1166 2392 ab
1189 2327 1336 2393 omnibus
1356 2326 1520 2396 eodieibns

395 2427 579 2504 traduntur,
603 2425 779 2507 exhibebo,
806 2425 926 2508 quippe
954 2424 1143 2507 inquorum
1172 2424 1320 2507 eatalogo
1348 2425 1518 2493 libamus.

397 2523 503 2590 denuo
531 2522 657 2588 collatis
679 2522 856 2588 Bredovius
885 2522 1092 2605 corrigendus
1114 2521 1171 2589 sit:
1206 2517 1418 2608 ἆποφογέειν
1440 2525 1457 2589 Ι
1478 2529 1515 2589 91

396 2621 440 2686 IV
464 2625 515 2704 46,
546 2619 742 2705 ὁιαφογέειν
764 2620 780 2683 Ι
806 2623 853 2684 10.
878 2623 940 2684 204
966 2621 1044 2685 VIII
1066 2624 1116 2703 88,
1140 2619 1247 2686 ἑλέειν
1269 2620 1285 2684 Ι
1307 2624 1358 2703 36,
1382 2616 1522 2686 ἀποθα-

397 2723 483 2784 νέειν
513 2716 593 2783 185
628 2718 688 2782 VII
709 2720 781 2798 229,
815 2717 950 2799 βαλέειν
978 2717 1009 2781 Π
1034 2721 1090 2782 111
1127 2718 1251 2783 ΙΠ12.
1281 2722 1337 2800 35,
1371 2724 1519 2785 παθέειν

394 2814 429 2879 ΙΙ
454 2819 511 2880 141
543 2816 603 2880 VII
628 2820 676 2894 11,
708 2815 909 2896 συμβαλέειν
934 2814 967 2879 ΙΙ
992 2819 1031 2879 16
1060 2815 1181 2880 11132.
1214 2819 1283 2896 loo,
1312 2812 1519 2899 ἀποβαλέειν

394 2912 445 2977 111
468 2917 519 2993 41,
543 2917 683 2999 φαγέειν
704 2912 736 2975 II
760 2916 830 2992 141,
856 2918 994 2979 πεσέειν
1015 2912 1048 2977 ΙΙ
1072 2912 1205 2977 rur-111
1228 2915 1268 2977 53
1291 2913 1319 2977 V
1341 2915 1392 2995 86,
1415 2910 1520 2996 ὕπερ-

394 3010 529 3093 uatem
553 3010 614 3075 VII
640 3011 716 3089 168,
747 3013 952 3090 σομπεσέειν
974 3010 1022 3074 III
1046 3014 1122 3093 120,
1150 3016 1375 3093 μεταπεσέειν
1399 3012 1445 3076 VI
1468 3016 1517 3093 61,

395 3106 499 3175 ἰδέειν
528 3108 556 3172 V
579 3111 629 3171 24.
680 3106 768 3173 Haeo
796 3107 910 3189 viginti
938 3108 1079 3190 quinque
1107 3109 1216 3173 omnia
1247 3116 1340 3174 erunt
1368 3111 1519 3194 exempla

394 3206 584 3283 (Bredovius
612 3203 936 3288 duodequadraginta
966 3210 1231 3282 enumeraverat).
1280 3207 1420 3271 Parvum
1448 3228 1519 3292 pro

392 3304 475 3370 teoto
503 3323 684 3385 numerum,
714 3303 753 3369 si'
768 3302 933 3384 ingentem
961 3301 1132 3368 formarum
1161 3303 1193 3368 in
1222 3314 1291 3369 ·εῑν
1318 3304 1445 3387 eopiam
1471 3325 1518 3372 re

392 3401 504 3483 spicis!
548 3400 661 3481 Itaque
689 3420 759 3464 oum
789 3398 946 3465 Dindorfii
973 3400 1134 3466 sententia
1155 3399 1230 3483 jam
1255 3420 1273 3466 e
1300 3400 1448 3467 oodioum
1470 3424 1518 3469 ra-

392 3499 481 3562 tione
502 3503 589 3561 stare
611 3517 676 3560 non
699 3497 816 3579 possit,
846 3498 887 3562 de
909 3516 944 3562 re
965 3497 1037 3580 ipsa
1064 3518 1135 3562 oum
1159 3498 1317 3566 Bredorio
1339 3501 1516 3581 consentio,

392 3592 450 3659 sed
478 3613 521 3657 ne
547 3592 635 3675 origo
664 3594 793 3675 quidem
821 3595 994 3659 formarum
1023 3595 1089 3661 iilis
1117 3596 1226 3661 formis
1253 3596 1288 3660 in
1309 3620 1398 3662 -εειν
1419 3597 1516 3663 favet.

392 3690 545 3769 Quamvis
568 3690 708 3755 enimin
732 3691 783 3757 Et.
806 3692 848 3755 M.
872 3696 943 3773 465,
968 3694 1170 3775 491egatur:
1205 3690 1326 3758 ἰδέειν·
1355 3690 1516 3778 ἀόριστος

394 3786 558 3869 δεύτερος.
595 3782 612 3851 ὅ
635 3785 761 3852 κανών
797 3786 831 3853 οἱ
850 3784 960 3866 Ἴωνες
989 3787 1046 3854 ἐπὶ
1074 3795 1140 3854 τῶν
1163 3788 1213 3867 εἷς
1236 3814 1286 3855 ειν
1308 3787 1517 3879 ἀπαρεμφά·

390 3909 456 3955 των
490 3880 731 3964 πλεονάζοντος
759 3883 798 3948 τὸ
827 3910 843 3951 ε
874 3884 931 3951 διὰ
959 3892 1019 3951 τοῦ
1047 3913 1116 3955 εειν
1145 3892 1362 3973 προφέρουσι
1393 3894 1515 3955 θανεῖν

390 3986 530 4048 θανέειν
560 3981 610 4060 (σ1.
632 3981 730 4049 etiam
754 3983 805 4047 ut.
828 3983 870 4047 M.
893 3988 966 4067 224,
990 3991 1058 4065 51),
1088 3993 1120 4051 et
1142 3985 1337 4065 Bredovius,
1366 3986 1421 4068 qui
1444 4007 1516 4052 oon

390 4079 578 4144 tractionem
611 4076 663 4143 hio
695 4079 812 4144 saetam
846 4099 933 4148 esse·
952 4102 1077 4147 summa
1108 4083 1227 4165 injuria
1259 4082 1311 4158 (of.
1345 4082 1414 4149 dor.
1448 4103 1515 4153 sev.

390 4174 492 4260 λιπῆν
515 4174 633 4262 ditor)
655 4183 762 4259 negat,
785 4178 910 4260 poetice
932 4185 964 4245 et
985 4179 1184 4262 pleonastioe
1205 4179 1272 4243 tale
1288 4203 1303 4243 ε
1319 4178 1398 4245 addi
1420 4198 1514 4263 posse.

390 4271 451 4337 sibi
479 4272 686 4356 persuaserit,
720 4273 810 4340 nullo
838 4275 934 4342 modo
964 4276 1025 4343 hoo
1053 4276 1185 4343 oenoedi
1214 4281 1336 4359 potest,
1371 4276 1513 4360 quodie
