3575 5334
420 658 457 716 14
931 659 1030 713 Clemm

417 829 603 895 difficultate
619 847 729 894 versus
741 829 875 909 laborat,
894 833 944 897 cui
960 853 1001 898 ne
1012 834 1109 899 totius
1124 833 1252 916 quidem
1265 830 1412 895 vocabuli
1430 824 1539 911 ἄφρα-

417 950 497 1003 στος
525 947 638 992 seneus
660 926 738 991 satis
760 929 940 993 conveniat.
984 930 1090 1009 Quare
1118 933 1185 996 alia
1213 932 1267 995 alii
1297 931 1537 1012 proposuerunt.

416 1026 574 1108 Reisigius
597 1024 724 1105 scripsit
746 1024 896 1109 φρακτός
918 1029 939 1091 i.
958 1047 986 1094 e.
1009 1026 1125 1107 firmus,
1149 1028 1353 1093 Hermannue
1375 1019 1537 1107 φραστός,

416 1124 604 1189 Meinelreus
620 1118 783 1203 θραστός,
805 1122 960 1190 audacius
975 1132 1010 1189 ut
1027 1127 1110 1192 solet
1127 1126 1325 1207 Hartungius
1342 1121 1466 1205 διπλῆς
1480 1143 1537 1200 με·

416 1216 706 1305 ρίμνηςφραστύς.
724 1218 811 1284 Haec
823 1218 1537 1305 qualiacunqueeunt-nobisPorsonitrana-

415 1318 531 1400 positio
547 1316 786 1398 simplicissima
801 1317 928 1383 videtur
941 1357 992 1403 -,
1005 1340 1023 1386 e
1038 1341 1132 1387 versu
1148 1319 1276 1403 quidem
1288 1318 1345 1382 illo
1358 1313 1536 1396 Aeschyleo

414 1413 544 1479 minime
560 1414 701 1495 sequitur
716 1414 815 1496 alpha
837 1416 1029 1498 privativum
1052 1417 1213 1499 quondam
1232 1416 1329 1480 fuisse
1344 1410 1535 1494 separabile.

500 1511 628 1577 Plenior
660 1510 756 1593 hujus
785 1511 935 1594 praefixi,
969 1534 1010 1580 ne
1041 1515 1145 1580 dicam
1174 1514 1333 1595 antiquior
1361 1511 1463 1573 forma
1491 1515 1537 1573 est

415 1630 500 1686 anu,
531 1629 625 1691 quam
649 1610 682 1672 in
705 1608 805 1673 tribus
828 1611 994 1675 vocabulis
1017 1612 1201 1696 compositis
1223 1607 1386 1683 ἀνάεδνος
1409 1606 1537 1683 (Hom),

414 1702 603 1783 ἅνάελπτος
627 1705 793 1787 (Hesiodi,
815 1700 1030 1789 ἀνάγνωστος
1052 1708 1203 1788 (Gallim.)
1222 1708 1291 1791 jam
1316 1706 1539 1780 Buttmannue‚

413 1823 546 1886 gramm.
557 1804 655 1886 ampl.
668 1803 723 1867 11²
739 1806 799 1866 466
816 1804 958 1886 agnovit,
974 1806 1105 1887 Justius,
1122 1826 1225 1889 comp.
1240 1805 1318 1886 ling.
1334 1801 1432 1866 Zend.
1451 1820 1483 1882 p.
1502 1800 1537 1861 17

414 1902 568 1966 BactricIs
584 1900 740 1983 exemplis
755 1901 979 1984 utraqaaretbq
1002 1904 1166 1981 anazarbo,
1185 1897 1450 1965 ertemarezlzdt'lta
1465 1894 1541 1959 aliis

414 1998 589 2064 confirmat.
636 1998 759 2063 Graeca
781 1998 839 2062 illa
862 2000 1012 2083 exempla
1034 2021 1112 2066 sane
1135 2000 1267 2080 Pettius,
1291 2002 1412 2080 quaest.
1436 2002 1477 2057 et.
1503 1993 1543 2055 Ι2

414 2117 444 2179 p.
468 2098 529 2161 389
559 2095 591 2159 in
616 2094 846 2160 dubitationem
871 2105 981 2179 vocat,
1014 2100 1072 2164 sed
1101 2098 1249 2181 equidem
1279 2116 1342 2160 non
1373 2092 1541 2173 intellego,

413 2213 467 2257 cur
495 2192 595 2276 ipsius
624 2194 870 2276 explicationem
897 2195 1111 2278 proferamus,
1148 2216 1212 2278 qua
1241 2190 1403 2266 ἀνάεδνος
1434 2188 1544 2271 dupli-

412 2310 480 2357 cem
521 2290 641 2355 habeat
676 2290 880 2371 negationem
916 2299 950 2356 ut
986 2301 1127 2359 nostrum
1163 2311 1339 2375 pap-essen
1376 2288 1541 2370 duplicem

412 2388 697 2472 praepositionem,
727 2389 962 2451 almer-mehr
990 2389 1111 2473 duplex
1142 2390 1238 2451 mehr.
1283 2388 1367 2452 Num
1396 2387 1430 2450 in
1461 2385 1546 2449 Ger·

411 2486 546 2552 manicis
569 2486 725 2568 exemplis
747 2485 919 2548 utta-holda
934 2488 978 2569 gl.
995 2487 1070 2552 Ker.
1088 2490 1128 2551 85
1151 2495 1183 2552 et
1201 2486 1370 2548 uno-holda
1392 2483 1431 2547 N.
1450 2484 1542 2562 59,2

412 2584 525 2649 eadem
542 2583 644 2646 forma
666 2582 750 2662 insit,
775 2582 958 2664 Grimmius‚
981 2604 1114 2666 gramm.
1130 2585 1161 2648 Il
1179 2588 1239 2647 775
1263 2584 1296 2649 in
1313 2579 1418 2646 medio
1441 2579 1542 2645 relin-

412 2680 489 2763 quit,
513 2699 703 2761 quamquam
726 2678 806 2742 nihil
822 2679 917 2745 video
941 2681 1078 2763 obstare,
1103 2682 1271 2763 quominus
1287 2681 1332 2744 ita
1347 2683 1540 2743 statuamus.

412 2778 547 2843 Gloseae
571 2776 655 2841 enirn
684 2776 759 2841 illae
782 2776 1013 2862 Sangallenses
1035 2798 1054 2844 e
1077 2778 1187 2843 codice
1213 2797 1297 2843 saec.
1321 2775 1399 2839 VIII
1421 2773 1538 2839 exseri-

411 2883 495 2958 ptae,
519 2893 601 2955 quae
624 2874 683 2938 sub
700 2872 837 2938 Keronie
860 2876 990 2940 nomine
1011 2875 1165 2957 seruntur,
1188 2876 1258 2940 sine
1276 2874 1371 2939 dubio
1393 2872 1538 2954 peranti-

411 2968 589 3054 quae'sunt
618 2978 663 3049 et,
694 2990 763 3034 cum
786 2969 865 3037 fides
894 2973 934 3037 iis
957 2973 1158 3038 detrahenda
1188 2973 1316 3037 nonsit
1349 2968 1399 3048 (cI.
1423 2968 1534 3033 Hatte·

411 3089 526 3149 merus,
550 3089 688 3133 monum.
705 3067 786 3132 med.
804 3087 876 3133 aev.
892 3069 1002 3151 Sang,
1020 3070 1065 3135 St.
1083 3070 1168 3135 Gall.
1188 3073 1279 3149 1811,
1304 3070 1319 3131 I
1335 3089 1366 3151 p.
1386 3069 1421 3128 17
1440 3068 1535 3147 sqq),

411 3167 519 3250 quidni
551 3166 775 3250 perantiquam
803 3165 973 3231 credamus
1000 3166 1033 3231 in
1059 3167 1099 3232 iis
1120 3167 1255 3231 formam
1285 3162 1430 3230 servari?
1474 3164 1536 3226 Re·

409 3264 531 3331 centius
546 3284 624 3330 eane
641 3264 872 3328 Notherianum
889 3271 939 3328 est
960 3264 1142 3347 exemplum
1159 3283 1177 3329 e
1192 3264 1302 3328 codiee
1316 3281 1400 3326 saec.
1415 3260 1466 3324 XI
1482 3280 1536 3325 ex·

409 3363 575 3445 scriptum,
600 3361 658 3426 sed
681 3379 722 3424 ne
744 3360 818 3424 huic
840 3360 969 3442 quidem
992 3360 1202 3425 diffidendum
1225 3369 1289 3442 est,
1316 3360 1355 3424 cl.
1385 3356 1534 3438 Grattius,

409 3478 491 3524 vers.
512 3458 651 3523 interlin.
669 3458 775 3523 Germ.
799 3455 971 3534 Quedlinb.
995 3465 1027 3522 et
1048 3458 1236 3539 Liparaea
1260 3479 1289 3540 p.
1307 3460 1378 3520 271.
1423 3453 1535 3534 Qualis

409 3562 515 3619 autem
531 3554 633 3618 forma
649 3574 709 3615 orto
726 3553 829 3633 fuerit,
852 3572 946 3633 quem
962 3553 1004 3617 ad
1021 3572 1128 3618 casum
1151 3556 1319 3637 pertineat,
1343 3574 1406 3617 non
1426 3552 1530 3633 magis

404 3652 473 3734 jam
492 3672 550 3735 pro
566 3658 652 3715 certo
669 3647 800 3714 definire
815 3668 983 3731 possumus
998 3669 1092 3731 quam
1109 3650 1301 3733 dijudicare,
1324 3657 1427 3713 utrum
1453 3645 1534 3733 ἀνή-

409 3771 537 3824 κεστος,
563 3743 739 3832 depilatae,
763 3742 942 3830 ἀνηλεγής,
966 3744 1183 3832 ἀνήλειπτος,
1208 3745 1388 3834 ἀνήνεμος,
1412 3743 1534 3832 ἀνήνυ-

354 3867 365 3884 “
410 3869 487 3921 στος
516 3846 557 3910 ab
578 3843 815 3909 instrumentali
838 3844 941 3908 forma
972 3842 1052 3929 dvq-
1077 3844 1248 3927 incipiant,
1281 3844 1367 3908 unde
1396 3868 1454 3928 νη·
1477 3862 1534 3926 per

313 3962 315 3965 ⁴
409 3943 599 4026 aphaeresin
613 3941 809 4006 decurtatum
825 3940 876 4021 sit,
894 3962 936 4005 an
953 3940 1089 4007 eandem
1105 3942 1346 4024 productionem
1365 3940 1531 4023 subierint,

409 4060 491 4121 quae
507 4038 539 4102 in
555 4040 628 4103 aliis
650 4036 814 4102 voeabuIIs
830 4038 970 4104 metricis
992 4039 1086 4103 tribui
1110 4040 1214 4103 soleat
1235 4039 1421 4104 rationibus.
1453 4038 1533 4103 Mira

409 4144 494 4202 certe
517 4144 564 4202 eet
587 4133 783 4201 Weinholdii
812 4136 936 4217 opinio,
968 4136 1020 4216 qui
1049 4155 1182 4218 gramm.
1207 4138 1322 4202 Allem.
1352 4156 1383 4218 p.
1408 4139 1467 4199 251
1499 4136 1530 4199 in

408 4233 564 4295 urcoboldu
587 4233 732 4297 vocalem
755 4232 970 4314 copulativam
993 4233 1148 4314 agnoscit.
