3575 5334
332 698 394 761 370
820 700 965 754 Beebstein

331 884 439 942 tamen
462 873 636 958 quidquam
654 872 752 938 ineis
773 871 945 950 invenitur,
968 870 1053 953 quod
1076 870 1119 935 ad
1141 872 1382 954 participiorum
1404 893 1456 955 po·

330 980 479 1040 testatem
496 977 626 1055 spectet.
658 970 781 1048 Quibus
796 989 836 1036 ea
854 970 904 1035 vis
926 969 1020 1049 inest,
1042 974 1078 1032 ut
1098 968 1193 1044 „illas
1215 970 1355 1051 plantas,
1380 990 1457 1052 qnae

331 1072 431 1154 stirpe
453 1068 601 1135 vocabuli
623 1068 816 1149 indicantur,
842 1066 1011 1134 collectiva
1033 1066 1163 1131 nomine
1185 1067 1277 1148 quasi
1299 1068 1457 1149 quoddam

331 1189 430 1233 unum
453 1165 632 1250 significent
640 1170 663 1229 “.
708 1165 937 1246 Exemplorum
959 1163 1030 1229 vice
1051 1163 1239 1245 iungantur:

417 1265 594 1327 arboretam
611 1261 741 1342 (arbor),
758 1262 975 1323 arundinetum
991 1260 1173 1337 (oranaim),
1190 1270 1383 1323 castanetum
1399 1269 1459 1337 (cu-

256 1384 258 1389 ·
333 1369 462 1434 steno-l,
487 1370 662 1446 quercetum
688 1361 843 1444 (quercu-J
866 1364 920 1422 ctt.

418 1456 541 1523 Eodem
564 1457 658 1521 modo
673 1457 801 1520 illorum
817 1457 982 1520 nominum
1004 1456 1203 1537 propriorum
1218 1457 1252 1518 in
1270 1464 1360 1517 euto—
1375 1456 1459 1521 notio

333 1578 354 1622 a
374 1556 553 1639 participiis
575 1554 715 1620 deflexit.
760 1551 949 1635 Significant
976 1552 1082 1635 potius
1104 1553 1208 1617 locum
1233 1551 1407 1633 quendam,
1428 1553 1459 1616 in

333 1674 397 1736 quo
420 1672 471 1717 res
495 1672 534 1717 ea
556 1658 711 1730 versatur,
734 1668 830 1731 quam
853 1649 950 1732 stirps
972 1649 1121 1715 vocabuli
1141 1647 1273 1713 indicat.

419 1748 560 1827 Quorum
575 1749 656 1812 baec
672 1747 847 1812 Corssenus
868 1747 971 1823 (beitr.
985 1750 1064 1825 4703
1085 1748 1127 1825 12,
1142 1749 1212 1826 149,
1224 1750 1300 1825 485)
1316 1748 1459 1829 collegit:

420 1846 603 1907 Buxentum
619 1844 752 1922 (bama-l,
769 1843 947 1915 Fereutum,
966 1844 1137 1906 Forentum
1153 1842 1284 1926 (saro-l,
1309 1842 1460 1906 Gramen·

332 1954 397 2005 tum
411 1946 569 2025 (prame-l,
585 1941 782 2004 Laurentum
799 1941 940 2018 (lauro-l,
957 1939 1144 2003 Surrentum
1157 1941 1251 2016 (stin
1267 1961 1460 2030 sat-sarram

334 2062 364 2119 v.
390 2039 536 2105 Oor'ssen.
560 2039 601 2118 1²,
625 2041 709 2113 485).

419 2136 513 2202 Addo
536 2137 632 2200 baec:

422 2232 589 2310 Colentum,
617 2234 797 2310 Truentum,
825 2234 991 2306 Haemum,
1020 2232 1184 2295 Urseatam
1207 2230 1356 2311 (urso-i).

418 2330 601 2414 Separatim
624 2329 685 2395 boc
707 2338 867 2413 postremo
889 2331 978 2397 loco:
1074 2354 1076 2358 ·

419 2428 592 2511 Adjcctiva
606 2428 638 2491 in
661 2428 806 2499 -ulentus,
832 2429 985 2506 (alemus,
1009 2429 1144 2505 alentur)
1167 2433 1362 2493 tractaturus
1384 2446 1458 2493 sum.

419 2525 560 2603 Quorum
582 2525 746 2590 nominum
762 2545 845 2608 quae
866 2524 1025 2591 formandi
1045 2525 1126 2590 ratio
1142 2525 1193 2603 sit,
1216 2524 1277 2587 viri
1300 2524 1386 2589 docti
1409 2524 1459 2587 diu

335 2642 504 2706 perperam
520 2623 727 2704 quaerebant.
758 2622 812 2688 Sic
826 2624 949 2689 Pettius
956 2626 1000 2705 ²²),
1017 2624 1210 2707 suppinus),
1229 2622 1297 2687 Leo
1312 2622 1459 2707 Meyer²⁴l

335 2721 385 2784 bis
407 2719 574 2795 vocabulis
596 2717 743 2784 suffixum
767 2721 855 2797 lent,
879 2722 977 2785 tento·
1000 2720 1085 2788 idem
1108 2718 1193 2803 quod
1214 2738 1261 2801 gr.
1278 2743 1382 2800 serr,
1405 2738 1458 2784 scr.

336 2827 424 2878 aaut·
452 2816 558 2883 inesse
586 2817 771 2882 censebant.
821 2818 946 2885 Primus
976 2817 1152 2884 Gorsscnus
1187 2816 1291 2893 (beitr.
1322 2821 1384 2881 305
1406 2820 1459 2898 sq.)

336 2932 403 2978 rcm
426 2913 468 2978 ad
491 2914 646 2996 liquidum
669 2914 859 2997 perduxisse
881 2915 961 2980 mihi
982 2915 1110 2997 quidem
1133 2914 1270 2978 videtur.

421 3011 467 3077 Ac
494 3012 631 3095 primum
653 3011 782 3094 quidem
811 3012 845 3077 in
876 3013 937 3077 bac
964 3031 1000 3077 re
1028 3013 1247 3095 quaestionem
1274 3011 1458 3087 instituenti,

337 3109 499 3193 quodnam
539 3110 580 3182 sit
618 3110 730 3174 borum
764 3110 991 3174 vocabulorum
1024 3109 1188 3175 suffixum:
1231 3109 1384 3181 -utentus,
1422 3128 1458 3172 an

337 3210 461 3280 tentus,
486 3227 529 3271 an
551 3216 664 3282 entur,
687 3205 952 3289 proficiscendum
975 3214 1023 3273 est
1045 3209 1087 3272 ab
1109 3207 1159 3272 bis
1180 3206 1365 3271 vocabulis:

419 3305 626 3385 practicatur:
659 3305 753 3385 Eun,
784 3304 879 3387 Gell,
909 3306 970 3370 hoc
992 3304 1120 3369 ductum
1144 3321 1214 3369 esse
1237 3302 1279 3367 ab
1302 3304 1458 3386 adjectivo

335 3402 465 3483 praedi·
493 3401 654 3485 (praetia)
683 3419 777 3467 nemo
801 3408 863 3484 est,
893 3403 947 3484 qui
970 3410 1083 3485 neget3
1114 3401 1226 3468 codem
1257 3399 1354 3465 modo
1384 3400 1460 3467 deri·

337 3503 470 3561 vantur:

406 3732 439 3797 22)
456 3730 500 3784 W.
513 3731 548 3797 II,
567 3735 591 3790 2,
611 3735 675 3785 498:
695 3748 824 3795 „araceus
840 3733 877 3787 ist
894 3732 971 3786 nicht
988 3732 1038 3785 mit
1054 3732 1207 3786 demselben
1225 3731 1308 3785 eulfix
1326 3734 1458 3795 versehcn,

337 3809 387 3865 vie
403 3811 549 3880 pruritans,
567 3812 748 3882 macilentus,
767 3812 850 3867 deren
869 3812 966 3867 tnoch
984 3811 1043 3867 dem
1062 3811 1143 3866 suifix
1160 3810 1264 3878 zuiallt,
1283 3813 1379 3867 visin
1396 3828 1458 3883 apa·

338 3891 404 3955 leus,
422 3890 591 3960 opulentus.“
967 3909 970 3915 ·

406 3972 438 4033 ²³)
457 3971 503 4025 Gr.
521 3987 607 4040 comp.
625 3972 658 4032 1²,
677 3976 722 4027 35:
754 3972 780 4035 „t
796 3972 841 4026 fbr
858 3988 874 4025 u
891 3990 915 4027 z.
934 3973 959 4027 b.
978 3972 1025 4027 lat.
1042 3972 1103 4027 suff.
1122 3972 1188 4026 teat·
1211 3988 1264 4027 von
1288 3972 1393 4029 tormen
1415 3972 1460 4027 vie

337 4050 460 4120 epulem-
478 4056 527 4119 (gr.
545 4070 606 4104 aar·
623 4051 668 4105 fur
685 4058 772 4118 rear-t
789 4054 942 4121 gegenbber
959 4052 1019 4107 dem
1036 4068 1089 4107 scr.
1108 4052 1190 4107 suffiri
1207 4059 1296 4107 uarat.“
1328 4054 1368 4109 cf.
1386 4055 1460 4109 etium

337 4130 786 4199 nmfflmfflmq

407 4210 438 4275 ²⁴)
458 4210 505 4264 Gr.
525 4227 611 4279 comp.
631 4211 652 4278 1,
671 4215 718 4264 87:
746 4212 808 4274 „lut
827 4212 901 4282 tent,
920 4213 1013 4279 tenta,
1034 4212 1132 4268 dassen
1148 4213 1204 4267 alte
1221 4213 1293 4267 form
1310 4214 1347 4269 im
1364 4212 1459 4283 griecb.

338 4288 411 4342 noch
427 4308 502 4343 reat·
520 4320 554 4338 =
571 4292 663 4346 altind.
682 4297 758 4346 uant-
775 4292 904 4347 lautete.“
939 4292 1026 4348 Aliter
1042 4292 1078 4358 II,
1096 4297 1146 4348 589
1159 4309 1199 4362 sq.
