3575 5334
388 672 429 736 82
906 672 1008 728 Olsmm

387 848 524 932 optimos
551 844 713 910 invenitur
739 844 921 928 appositum
944 843 987 909 ad
1008 841 1148 927 χρυσός,
1177 840 1271 922 ἄλες,
1301 840 1400 927 ὕδωρ,
1424 847 1513 925 χλι»
1546 859 1562 903 ν

386 943 503 1031 βάρος,
525 950 643 1028 μῆκος,
666 942 742 1006 alia.
787 941 920 1007 Veteres
942 941 1140 1023 grammatici
1163 940 1224 1006 hoc
1246 941 1434 1007 vocabulum
1452 938 1573 1007 vel

388 1062 429 1109 ex
452 1040 602 1127 ἄπλητος
625 1039 677 1103 vel
700 1057 741 1103 err
764 1034 914 1114 ἄπλατος
938 1037 1135 1103 decurtatum
1158 1055 1230 1103 esse
1252 1048 1449 1120 censuerunt,
1471 1045 1583 1105 r=o

387 1145 473 1205 esset
500 1138 553 1204 vel
581 1139 805 1213 ,inaccessus“
835 1136 887 1201 vel
917 1135 1152 1219 ,inexpletus“.
1203 1136 1358 1202 Neutrum
1387 1156 1407 1200 a
1433 1154 1584 1206 ver-o

386 1235 518 1320 propius
546 1235 638 1301 abest
660 1251 756 1315 quam
779 1231 863 1313 qnod
887 1232 1101 1298 Doederlinus
1130 1232 1326 1316 excogitavit
1346 1231 1588 1316 suspicamr

385 1329 533 1408 ἄπλετος
566 1351 638 1397 esse
666 1329 798 1395 verbale
825 1350 846 1394 a
874 1330 967 1395 πέλιο
997 1328 1107 1394 addito
1136 1329 1236 1413 alpha
1268 1330 1445 1411 intensive,
1474 1344 1588 1404 μσς

385 1437 510 1497 tantum
539 1428 606 1494 fere
635 1428 766 1493 denotet
793 1433 946 1509 quantum
981 1422 1156 1511 ὑπερφυής
1189 1428 1259 1493 sive
1289 1422 1532 1514 deceptatio?
1563 1460 1584 1513 ς,

376 1528 516 1593 'Rectius
537 1526 729 1603 Lobeekius,
752 1526 840 1608 path.
863 1526 903 1589 el.
929 1526 1020 1589 1245
1044 1520 1190 1600 ἄπλετος
1212 1544 1234 1590 a
1255 1525 1399 1591 themate
1419 1524 1479 1589 πλέ
1561 1558 1584 1597 o

386 1626 406 1688 i.
434 1643 461 1702 e.
485 1645 505 1686 a
527 1622 636 1689 radice
658 1624 731 1700 πελ,
760 1621 830 1685 πλα
852 1623 1086 1706 (πέμ-πλη-μι)
1109 1628 1142 1685 et
1161 1623 1205 1687 ab
1231 1622 1333 1705 alpha
1354 1623 1582 1706 privatas

387 1720 513 1786 derivat
540 1728 575 1782 ut
602 1720 644 1785 sit
672 1718 756 1800 quod
782 1738 965 1785 mensuram
994 1736 1224 1801 numerumque
1253 1715 1578 1808 exceditrtrrr'ff.

387 1817 493 1893 πολνς
515 1816 586 1881 sive
610 1812 852 1901 ὑπερπλήθης,
882 1836 957 1881 narn
980 1815 1178 1897 inexpletum
1200 1822 1233 1882 et
1260 1824 1387 1882 vastum
1412 1834 1575 1905 sae-re

387 1933 568 1997 synonyma
595 1932 675 1978 esse.
720 1913 803 1978 Hinc
830 1914 926 1979 etiam
949 1913 1158 1995 compositum
1181 1922 1229 1980 est
1252 1910 1458 1998 ἀπέλεθρον,
1556 1917 1573 1982 ἄ

387 2007 448 2075 οὐκ
476 2009 550 2075 έστι
577 2015 744 2095 μετρῆσαι
775 2009 875 2075 schol.
899 2016 937 2072 A
960 2013 1031 2073 354.
1078 2009 1254 2093 Utrumque
1282 2010 1408 2078 Curtius
1439 2031 1571 2095 peo-

387 2108 487 2189 bavit,
510 2107 531 2174 l.
554 2109 576 2173 l.
600 2111 671 2172 278.

473 2263 526 2338 29)
564 2256 764 2340 ἄπτεροςε

472 2404 518 2483 ὣς
541 2403 597 2488 ἄρ’
622 2404 808 2492 ἐφώνησεν,
831 2412 871 2490 τῇ
896 2402 929 2469 δ’
955 2402 1142 2488 ἄπτερος
1166 2406 1288 2473 ἔπλετο
1311 2414 1431 2491 μῦθος.

386 2560 456 2625 Ηοο
477 2579 571 2624 versu
594 2565 706 2640 quater
727 2558 761 2621 in
777 2556 925 2640 Odyssea
941 2583 959 2640 ρ
976 2562 1026 2641 57,
1050 2583 1069 2621 τ
1088 2562 1138 2642 29,
1163 2583 1188 2645 φ
1206 2564 1279 2641 386,
1298 2584 1320 2641 χ
1336 2564 1397 2627 398
1418 2562 1505 2626 Tr>
1518 2550 1570 2612 Ἰθ-

387 2656 520 2721 machus
549 2662 697 2720 narratur
718 2655 897 2738 Eurycleae
921 2655 1042 2738 aliquid
1071 2641 1244 2724 mandasse
1272 2657 1358 2741 quod
1379 2659 1436 2723 illa
1455 2664 1572 2719 ex·

387 2754 477 2834 sequi
499 2774 564 2818 non
588 2752 790 2817 dubitaverit.
834 2752 941 2817 Schol.
965 2753 992 2817 V
1015 2750 1091 2839 ἤτοι
1115 2753 1307 2837 ἰσόπτερος,
1329 2752 1438 2835 ταχύς.
1538 2738 1572 2815 Q·

385 2848 486 2929 ταχὺς
515 2848 603 2933 πρὸς
625 2849 663 2913 τὸ
687 2855 877 2936 πεισθῆναι
900 2845 921 2935 ἢ
946 2848 1142 2934 ἰσόπτερος,
1172 2851 1209 2931 Q,
1234 2852 1272 2917 V.
1299 2845 1322 2937 ἢ
1344 2849 1403 2917 οὐκ
1426 2840 1574 2916 otrat-

387 2970 454 3032 πτη
479 2940 497 3009 ὁ
520 2944 629 3031 λόγος,
653 2938 726 3009 ἄλλ)
751 2944 909 3029 ἐπέμεινε
933 2948 978 3034 μή
1003 2946 1086 3029 ἐ’χιον
1111 2947 1247 3033 πτερόν.
1275 2950 1366 3033 λέγει
1395 2948 1430 3015 δὲ
1455 2927 1575 3012 ἔτι

386 3047 513 3123 ταχέως
536 3042 728 3130 προςήκατο
750 3042 809 3107 τὸν
831 3043 941 3127 λόγον,
964 3050 1092 3125 ταχέως
1114 3042 1266 3128 ἤκουσεν.
1300 3051 1405 3128 Atque
1427 3044 1576 3110 haeaenss

386 3141 634 3224 explicationem
662 3162 757 3224 quam
784 3141 880 3206 etiam
904 3143 953 3206 Et.
978 3144 1019 3206 Μ.
1050 3146 1119 3225 133,
1144 3146 1184 3207 26
1214 3143 1346 3209 exhibet
1367 3141 1576 3234 pledrfil⁰

384 3239 577 3303 recentiores
614 3238 744 3303 Homeri
775 3240 966 3323 interpretes
1000 3248 1207 3323 acceperunt,
1241 3247 1276 3304 ut
1309 3261 1423 3307 sensus
1454 3228 1575 3306 νηΐ

385 3355 449 3399 vox
471 3356 535 3398 non
559 3336 647 3399 alata
669 3344 738 3399 erat
760 3337 780 3400 i.
804 3356 831 3402 e.
861 3358 927 3401 non
956 3338 1109 3403 avolabat
1136 3336 1194 3402 sed
1216 3336 1372 3403 haerebat
1393 3340 1426 3404 in
1448 3335 1575 3426 15⁰1

385 3432 495 3496 moria.
531 3432 659 3495 Erravit
681 3432 912 3513 Doederlinus,
936 3434 989 3516 qui
1011 3454 1083 3499 cum
1104 3438 1218 3515 μῦθον
1240 3453 1304 3499 non
1326 3414 1571 3502 Τοίοιιισῦ111

385 3528 444 3593 sed
465 3528 568 3610 ipsius
589 3529 768 3612 Eurycleae
790 3532 1010 3614 intellegeret,
1040 3532 1206 3597 vocabulis
1229 3527 1378 3616 ἄπτερος
1399 3538 1505 3614 τοῦθ’
1526 3534 1569 3586 ⁴²9

385 3634 497 3690 contra
518 3633 615 3707 atque
643 3624 743 3691 έπεσι
765 3628 927 3712 πτερόεσι
950 3649 1022 3693 eum
1045 3628 1215 3712 significari
1238 3648 1419 3695 sermonem
1440 3629 1562 3695 09¹¹·

385 3729 469 3788 seret
498 3722 550 3804 qui
579 3730 687 3788 mente
715 3730 839 3789 tantum
862 3726 1061 3809 concipiatur
1081 3746 1140 3791 nec
1165 3733 1273 3792 tamen
1295 3746 1376 3792 voce
1398 3725 1493 3792 edat:
1512 3725 1559 3770 ’Π

385 3838 446 3885 neo
479 3818 597 3906 φεύγει
631 3818 729 3913 έριιος
763 3815 919 3887 ὀδόντων.
965 3824 1078 3905 Itaque
1110 3822 1151 3888 de
1180 3824 1244 3888 alio
1275 3824 1375 3907 alpha
1403 3844 1441 3889 ac
1475 3802 1551 3919 dle

385 3916 544 4001 privativo
566 3919 701 4001 eogitari
720 3920 831 4001 nequit
845 3919 933 4003 apud
948 3920 1131 3999 Homerum,
1155 3921 1209 3985 ubi
1224 3920 1263 3985 cf.
1280 3921 1377 3985 etiam
1400 3916 1474 3984 ἄπτ
1481 3926 1543 3989 ²77

385 4013 600 4098 „implumis“.
661 4015 728 4080 Nec
761 4017 862 4098 magis
896 4016 1050 4083 audiendi
1085 4024 1159 4083 sunt
1195 4017 1246 4100 qui
1284 4012 1432 4101 ἄπτερος
1470 4000 1534 4074 ab

385 4112 486 4195 alpha
508 4112 665 4195 privativo
687 4112 829 4195 incipere
850 4120 972 4195 negant
995 4115 1081 4198 apud
1104 4115 1220 4181 Aesch.
1244 4115 1358 4198 Agam.
1381 4116 1441 4179 278

471 4242 545 4309 ἄλλ’
571 4236 590 4332 ἧ
613 4243 649 4311 o'
673 4244 812 4311 ἐπίανέν
833 4272 886 4324 τις
908 4244 1094 4334 ἄπτερος
1117 4247 1252 4336 φάτις..
