3575 5334
813 605 827 656 l

670 715 704 769 de
721 716 803 784 alpha
819 716 960 770 intensivo.
1336 717 1376 777 69

253 884 379 951 ridetur
401 886 435 951 in
457 888 566 952 annal.
590 886 667 970 phil.
692 894 723 953 ct
744 888 838 970 paed.
861 890 902 953 87
925 909 956 970 p.
978 889 1029 968 78,
1053 886 1140 969 quod
1161 895 1248 954 recte
1270 890 1378 955 Duen-

254 987 354 1049 tzerus
383 983 561 1067 improbat,
596 984 638 1050 dc
665 984 785 1049 Zenod.
815 983 898 1049 stud.
928 984 1020 1049 Hom.
1050 988 1101 1050 30.
1144 986 1377 1068 Aristophanes

255 1080 430 1163 Byzantius
459 1080 522 1157 (cd.
545 1082 670 1147 Nauck.
694 1085 766 1158 212)
797 1077 944 1157 ἇέπτους
971 1080 1097 1164 scripsit
1123 1081 1145 1145 i.
1169 1101 1196 1147 e.
1224 1077 1377 1168 ἀπορρή-

255 1200 339 1255 τοος,
364 1178 450 1260 quod
473 1178 608 1244 fortasse
622 1185 784 1263 receptum
801 1197 872 1244 csse
890 1178 932 1244 ab
947 1178 1132 1244 Aristarcho
1153 1179 1186 1243 in
1209 1179 1377 1263 proecdosi

255 1274 299 1339 La
321 1274 445 1340 Rochio
474 1275 684 1357 concesseris,
715 1274 756 1340 de
784 1274 876 1340 cond.
903 1276 971 1340 crit.
1001 1283 1078 1340 text.
1101 1278 1193 1344 Hom.
1220 1282 1289 1343 175.
1334 1281 1378 1347 Ut

256 1372 418 1437 Zenodoto
441 1374 487 1438 sic
508 1372 692 1439 Herodiano
719 1370 841 1455 placuit
863 1367 995 1447 ἅατττος
1017 1374 1170 1456 scribere,
1199 1377 1284 1458 quod
1306 1376 1334 1442 is
1356 1397 1378 1442 a

256 1470 352 1535 verbo
376 1467 511 1534 ἰάπτοιτ
533 1471 579 1536 ita
596 1470 733 1554 repetiit,
756 1475 791 1533 ut
806 1475 892 1534 esset
912 1476 967 1533 aut
989 1490 1059 1534 oum
1082 1473 1181 1554 alpha
1202 1474 1377 1557 privativo:

257 1568 305 1649 qui
322 1567 442 1647 necari,
465 1567 552 1631 feriri
574 1568 693 1649 nequit,
716 1573 771 1631 aut
785 1586 856 1630 curn
872 1566 972 1648 alpha
985 1566 1161 1635 intensivo:
1185 1572 1238 1652 qui
1260 1572 1377 1638 multos

256 1662 341 1745 terit,
369 1664 487 1729 multos
515 1671 617 1730 necat.
668 1663 751 1729 Huic
779 1682 904 1745 quoquc
932 1666 1111 1730 sentcntiae
1139 1676 1249 1733 nostra
1270 1676 1378 1735 aetate

256 1779 316 1826 non
354 1761 455 1827 deluit
490 1767 658 1844 patronus:
702 1762 902 1827 Duentzcrus
939 1761 1023 1826 enim
1053 1762 1185 1829 Homeri
1220 1766 1378 1848 interpres

256 1856 353 1940 alpha
374 1857 526 1924 intensiri
541 1858 780 1924 amantissimus
794 1858 837 1922 ad
858 1863 934 1940 χ70
957 1859 1068 1925 vertit:
1089 1860 1208 1923 οοΙιτοον
1230 1861 1376 1945 treffeod.

256 1954 320 2021 Nos
342 1949 475 2031 ἄαπτος
497 1975 518 2019 a
539 1956 637 2021 verbo
660 1952 780 2020 ἅπτειν
802 1955 823 2018 i.
847 1974 874 2019 e.
897 1975 918 2019 a
940 1954 1049 2021 radice
1071 1953 1122 2020 ἅττ
1143 1965 1289 2042 repetere
1311 1980 1377 2025 non

256 2049 489 2135 dubitaremus,
523 2052 550 2117 si
585 2053 653 2117 ullo
686 2057 873 2135 argumento
906 2051 1036 2134 probari
1072 2061 1181 2135 posset
1214 2055 1376 2137 qnondam

256 2166 323 2213 earn
353 2169 374 2214 a
403 2168 545 2216 consona
573 2150 709 2233 spiranti
743 2149 903 2231 incepisse
911 2196 919 2229 ,
954 2168 1016 2231 qna
1043 2148 1146 2214 forma
1173 2143 1292 2217 usitata
1319 2174 1377 2236 pro

256 2239 404 2321 ἂνατοτος
433 2254 646 2313 excusaretur.
690 2246 783 2325 Quod
812 2246 962 2327 quoniam
987 2246 1116 2329 probari
1138 2248 1264 2330 nequit,
1295 2250 1377 2314 nihil

254 2342 408 2424 reliquum
436 2363 508 2410 esse
535 2345 631 2410 video
661 2363 755 2427 quarn
776 2348 812 2407 ut
838 2342 937 2406 aliam
966 2344 1124 2409 rationem
1146 2344 1377 2428 circumspicia-

253 2457 331 2506 mus.
375 2441 573 2523 Repetamus
600 2440 696 2524 igitur
724 2437 949 2515 &leucocoum
974 2441 1074 2523 alpha
1103 2441 1263 2525 privativo
1285 2463 1306 2507 a
1327 2463 1377 2509 ra·

255 2533 323 2602 dice
347 2533 411 2600 ἷαττ
433 2558 497 2602 non
524 2539 583 2604 illa
605 2537 732 2623 quidem
756 2537 825 2619 ejus
848 2537 938 2603 verbi
968 2535 1101 2604 ἰάπτειν
1130 2540 1171 2605 de
1193 2560 1255 2623 quo
1278 2540 1377 2607 Hero·

255 2630 368 2699 dianus
397 2633 563 2717 cogitavit,
597 2635 654 2701 sed
683 2656 704 2700 a
732 2633 876 2718 pleniore
904 2634 1006 2699 forma
1034 2634 1151 2701 radicis
1181 2634 1221 2701 ἷτο
1248 2636 1318 2705 sive
1343 2636 1375 2703 ἰκ

254 2731 417 2812 „laedere
441 2732 584 2798 violarc“
607 2751 701 2815 quarn
724 2730 842 2797 aoristo
865 2727 1107 2816 ἠτ-ίττ-αττ-οτ
1129 2734 1235 2800 inesse
1257 2736 1377 2819 optime

253 2829 309 2893 viri
340 2827 426 2894 docti
454 2837 696 2912 perspexerunt.
742 2827 788 2893 (ll.
812 2827 938 2894 Curtius
960 2833 1022 2893 454
1038 2850 1095 2913 ες,
1119 2830 1319 2898 Fritzscheus
1341 2834 1379 2897 in'

255 2922 336 2990 Ourt.
360 2925 444 2991 stud.
469 2926 514 2991 VI
537 2930 609 2993 330.
659 2927 710 2992 Ita
737 2922 884 3009 djomog
906 2927 975 2992 sive
1003 2927 1122 2992 amissa
1144 2946 1286 2994 consona
1313 2930 1377 3013 spi-

253 3023 333 3088 ranti
367 3017 534 3099 ὂῖ-ατττο-ς
570 3024 651 3088 nihil
682 3024 751 3106 jam
789 3022 987 3089 difficultatis
1023 3024 1121 3089 habet
1149 3032 1181 3090 ct
1210 3033 1259 3091 est
1291 3026 1376 3109 quod

252 3124 376 3187 veteres
399 3138 470 3185 esse
492 3121 677 3186 voluerunt:
699 3120 883 3201 inviolatus,
906 3120 1113 3185 inviolabilis.

335 3269 368 3344 4)
408 3262 613 3348 ἆάσχετος

249 3416 403 3500 quoniam
424 3415 509 3481 idern
532 3424 581 3482 est
603 3417 688 3498 quod
710 3411 851 3494 ἄσχετος
874 3414 934 3488 (clf.
959 3417 989 3477 E
1004 3417 1074 3496 882,
1099 3416 1130 3478 Ω
1144 3418 1215 3497 708,
1239 3420 1276 3479 Π
1289 3419 1374 3498 543),

247 3535 319 3581 non·
347 3512 513 3579 debebant
543 3520 590 3578 tot
618 3513 809 3596 interpretes
840 3512 940 3595 alpha
971 3511 1094 3577 initiale
1125 3532 1183 3595 pro
1214 3513 1374 3579 intensivo

247 3605 370 3679 habere
398 3611 441 3676 ad
469 3609 652 3692 augendam
679 3610 744 3675 vim
777 3607 909 3693 praefixi
937 3610 1089 3691 negativi.
1133 3609 1201 3675 Hoc
1231 3610 1375 3676 lecerunt

245 3708 358 3791 Apoll.
381 3708 456 3790 lere,
479 3707 530 3773 Et.
546 3707 586 3773 M.
603 3707 620 3771 I
636 3711 686 3790 31,
710 3709 799 3772 Hust.
816 3708 887 3788 618,
911 3707 951 3770 39
975 3712 1008 3771 et
1028 3713 1137 3773 nostra
1158 3713 1265 3773 aetate
1286 3708 1374 3775 Butt-

245 3824 397 3887 mannus,
420 3823 553 3886 gramm.
573 3806 670 3888 ampl.
685 3805 719 3870 ΙΙ
734 3807 805 3886 359,
829 3802 1021 3885 Lobeokius,
1044 3804 1132 3888 path.
1155 3806 1196 3871 el.
1220 3806 1302 3886 120,
1321 3809 1372 3887 33,

245 3895 461 3981 Duentz'erus,
490 3902 555 3966 alii.
599 3902 706 3967 Aliam
728 3900 813 3966 viam
842 3900 1004 3983 ingressus
1027 3901 1053 3964 I.
1075 3901 1257 3985 Bckkerus‚
1286 3904 1373 3987 plag.

243 4000 342 4066 Hom.
365 3999 381 4062 I
405 4001 464 4063 158
487 4018 559 4064 oum
581 3995 745 4078 ἀάσχετος
766 4018 823 4081 pro
847 3993 1040 4078 ἄατσχττος,
1062 3994 1281 4081 ἆτ-ατσχετος
1303 4018 1374 4063 esse

243 4103 410 4176 censeret,
434 4095 535 4162 elisae
557 4096 671 4179 prioris
693 4120 710 4159 ο
733 4095 848 4161 literae
869 4114 940 4160 eam
964 4114 1093 4161 causam
1114 4102 1226 4179 argute
1248 4094 1374 4175 excogi-

242 4194 330 4259 tavit
362 4212 404 4259 ne
435 4188 636 4273 οἷν-ἄσχετος
669 4212 738 4257 curn
774 4188 974 4273 ἀνά-οχοτος
1001 4193 1256 4259 confunderetur.
1306 4188 1372 4254 Sed

241 4308 363 4370 vereor
392 4275 433 4356 ire
462 4309 527 4355 non
557 4290 704 4355 omnibus
731 4289 772 4355 iis
794 4290 874 4357 haec
897 4309 994 4355 causa
1015 4288 1150 4354 sufficiat
1171 4285 1284 4368 quibus
1306 4285 1372 4350 alia
