3575 5334
286 623 290 630 ι
330 670 349 728 4
777 621 780 625 ⁷
841 665 942 719 Clemm

329 842 506 924 simplicem
541 842 627 904 vocis
660 848 806 903 naturam
841 838 985 920 pleniore
1018 856 1097 900 sono
1127 837 1341 917 circumlinat,
1381 838 1455 903 aliis

330 938 409 1002 locis
432 936 517 1001 idem
540 938 574 1001 in
596 936 709 1001 iisdem
725 936 901 1014 vocabulis,
925 953 1007 1015 quae
1022 934 1077 997 alii
1093 934 1134 997 ab
1153 934 1253 1015 alpha
1276 936 1455 1017 euphonico

329 1035 471 1118 incipere
488 1035 607 1114 volunt,
631 1034 730 1115 alpha
752 1033 1050 1115 prosthetieum
1071 1032 1226 1112 agnoscit.
1260 1033 1372 1114 Neque
1395 1034 1455 1097 hac

331 1131 516 1196 definitione
553 1137 719 1196 contentus
751 1130 792 1193 ab
827 1130 926 1213 alpha
955 1129 1133 1211 euphonico
1167 1129 1219 1193 vel
1256 1130 1456 1211 pleonastieo

330 1229 589 1293 formativum
634 1228 817 1308 distinguit,
864 1226 949 1308 quod
991 1227 1156 1290 vocabulis
1199 1228 1353 1291 concinne
1396 1227 1457 1291 for-

330 1325 457 1391 mandis
485 1326 701 1390 neoessarium
732 1324 773 1387 sit
803 1331 837 1388 ut
867 1321 1007 1407 ἄχανής,
1037 1331 1068 1387 et
1098 1324 1140 1387 ab
1166 1332 1300 1405 utroque
1328 1326 1456 1388 tertium

331 1423 507 1506 quoddam,
538 1442 600 1503 quo
630 1421 741 1486 itidem
772 1430 806 1485 ut
835 1422 994 1503 privativo
1023 1428 1055 1486 et
1083 1421 1267 1503 copulative
1298 1422 1345 1485 vis
1368 1422 1457 1486 vocis

331 1521 497 1603 subjectae
519 1526 736 1583 commutetur.
781 1520 862 1582 Huic
891 1538 968 1583 vero
991 1518 1105 1583 subicit
1129 1517 1209 1582 duas
1233 1518 1372 1600 species,
1402 1520 1458 1581 ab·

331 1618 463 1683 lativam
487 1618 556 1681 sive
579 1616 807 1697 disjunctivam
830 1615 1061 1698 praepositioni
1084 1612 1153 1678 ἀπό
1177 1636 1242 1679 non
1266 1615 1456 1680 dissimilem

332 1722 363 1779 et
385 1734 467 1794 eam,
491 1734 586 1795 quam
609 1712 954 1795 paremphatieam
977 1719 1149 1793 nuncupat,
1174 1714 1248 1794 quia
1271 1734 1335 1776 non
1359 1733 1457 1776 unam

332 1820 451 1877 certam
473 1809 752 1893 significationem,
784 1808 870 1873 unde
893 1809 1091 1874 denominari
1116 1811 1232 1892 possit,
1260 1810 1317 1874 sed
1340 1810 1459 1873 multas

332 1909 502 1989 variasque
515 1908 642 1971 habeat.
672 1906 762 1984 Quae
774 1926 868 1987 quam
883 1927 969 1971 vana
985 1907 1048 1970 sint
1067 1908 1184 1987 omnia,
1209 1927 1248 1971 ex
1264 1908 1303 1971 iis
1318 1907 1458 1971 maxime

333 2005 452 2085 elucet,
480 2023 562 2085 quae
586 2003 738 2087 deinceps
760 2004 943 2069 Lobeckius
965 2004 1097 2086 exponit
1119 2004 1160 2068 de
1182 2006 1341 2068 variorum
1365 2024 1460 2068 voca-

332 2102 476 2167 bulorum
499 2100 591 2165 varia
606 2102 738 2183 origine,
761 2121 831 2167 ourn
856 2121 895 2166 ex
915 2102 1015 2185 alpha
1036 2101 1178 2183 praefixo
1200 2101 1252 2165 vel
1276 2102 1460 2165 lenissimas

283 2236 286 2241 Δ
333 2197 574 2282 significationis
597 2198 794 2265 differentias
817 2198 965 2263 elicuisse
987 2199 1047 2264 sibi
1063 2199 1220 2278 videatur,
1244 2217 1326 2279 quae
1348 2200 1460 2262 nullae

262 2357 265 2363 .
333 2303 415 2361 sunt.
460 2297 574 2378 Neque
601 2296 683 2361 haee
713 2302 781 2360 tota
810 2295 1027 2377 distinguendi
1061 2297 1142 2360 ratio
1176 2294 1322 2375 cuiquam
1355 2295 1460 2377 magis

332 2394 473 2459 anideat
495 2413 589 2475 quam
619 2413 673 2472 ea,
703 2412 786 2473 quae
810 2392 1032 2458 Choerobosco
1060 2401 1092 2457 et
1113 2392 1297 2457 Theodosio
1327 2394 1458 2473 placuit,

333 2497 456 2574 septem
484 2510 605 2573 genera
633 2490 733 2572 alpha
761 2489 893 2571 praefixi
924 2491 1147 2555 statuentibus.
1193 2489 1238 2553 Cf.
1268 2490 1373 2553 Bekk.
1404 2490 1460 2552 ad-

334 2592 413 2651 nott.
436 2586 479 2651 ad
501 2595 584 2670 synt.
612 2590 673 2651 352
697 2595 728 2651 et
751 2588 800 2651 ut.
825 2588 933 2669 Magn.
959 2592 1029 2667 141,
1053 2590 1092 2650 53
1123 2592 1279 2672 σημαίνει
1303 2585 1341 2648 τὸ
1365 2581 1459 2671 ἄλφα

334 2682 485 2749 ἑπτά...
503 2682 705 2769 στέρησιν
721 2677 767 2759 ὡς
782 2682 821 2746 τὸ
838 2680 971 2769 ἄφιλος,
995 2682 1194 2749 ἐπίτασιν
1217 2681 1263 2759 ὠς
1278 2683 1316 2746 τὸ
1339 2681 1461 2763 ἄξυλος

334 2778 393 2865 tuq
413 2830 420 2845 .
438 2829 470 2843 ..
494 2775 600 2861 ὁμοῦ
623 2777 668 2856 ὡς
691 2778 729 2843 τὸ
753 2776 918 2867 ἀδελφός,
1038 2780 1168 2845 κακὸν
1191 2775 1237 2856 ὥς
1259 2780 1297 2843 τὸ
1321 2778 1460 2864 ἄφωνος

336 2873 354 2939 ri
383 2876 602 2963 κακόφωνος,
633 2873 776 2960 ὀλίγον
801 2874 847 2954 ὡς
869 2877 908 2942 τὸ
937 2875 1093 2964 ἀμαθής,
1124 2874 1142 2940 ὁ
1174 2877 1460 2963 ὀλιγονναθής...

317 2968 541 3057 7ἄθροισιν
571 2972 616 3051 ὡς
645 2973 684 3037 τὸ
713 2971 821 3051 ἅπας,
856 2974 1127 3056 πλεονασμὸν
1157 2971 1203 3051 ὡς
1233 2974 1270 3039 τὸ
1301 2971 1460 3060 serapte.

335 3072 423 3136 Haec
445 3073 574 3155 singula
597 3070 744 3137 refellere
767 3072 898 3153 longum
918 3081 975 3152 est,
999 3092 1069 3137 eum
1092 3073 1280 3155 praesertim
1304 3075 1463 3139 nonnulla

330 3168 401 3251 jam
424 3170 607 3235 Lobeokius
630 3170 650 3233 l.
670 3170 695 3234 l.
719 3174 759 3233 44
783 3168 876 3234 docte
898 3170 1092 3246 refutaverit,
1122 3170 1179 3233 sed
1202 3171 1228 3234 si
1252 3170 1327 3251 quid
1352 3178 1461 3236 tamen

336 3266 403 3332 veri
425 3268 464 3333 iis
487 3268 620 3334 subesse
642 3267 805 3345 videatur,
834 3267 931 3332 iniis
960 3287 1042 3349 quae
1070 3276 1246 3348 sequuntur
1272 3287 1462 3332 commemo-

337 3365 430 3428 randi
467 3366 595 3448 saepius
632 3364 757 3429 occasio
791 3366 861 3428 erit.
907 3366 1000 3456 Nunc
1036 3372 1218 3443 teneamus,
1257 3365 1315 3427 etsi
1353 3364 1463 3448 singu-

336 3461 437 3524 lorum
466 3481 618 3543 generum
648 3459 790 3524 definitio
818 3481 884 3527 non
907 3482 978 3525 raro
1007 3461 1186 3540 fluctuaret,
1221 3468 1329 3525 tamen
1357 3481 1463 3544 paene

337 3558 477 3620 omniurn
507 3578 664 3622 consensu
693 3564 842 3638 quattuor
870 3560 942 3637 illa,
976 3578 1058 3639 quae
1091 3559 1133 3620 ab
1163 3559 1253 3621 initio
1287 3560 1461 3640 posuimus,

337 3655 474 3737 probata
496 3675 533 3719 ao
556 3655 727 3720 constituta
749 3654 862 3732 luisse,
892 3663 927 3718 ut
951 3655 1044 3719 nobis
1066 3675 1192 3736 quoque
1214 3656 1247 3718 in
1271 3676 1341 3720 eam
1365 3666 1463 3723 mate-

337 3752 417 3815 riam
441 3751 546 3815 denuo
568 3752 765 3833 inquisituris
794 3750 835 3814 ab
866 3772 905 3816 ea
933 3752 1132 3834 potissimum
1161 3752 1363 3816 distinetione
1393 3776 1463 3835 pro-

340 3847 436 3912 ficisci
459 3848 564 3912 liceat.
1031 3838 1033 3844 ’

425 3947 472 4009 Αο
491 3944 531 4009 de
547 3945 646 4026 alpha
668 3944 795 4024 quidem
818 3945 968 4028 privativi
991 3953 1106 4010 natura
1128 3945 1267 4008 dubitari
1290 3947 1344 4009 vix
1367 3968 1464 4028 posse

340 4040 517 4121 videbatur,
531 4042 622 4123 eujus
633 4040 822 4122 significatio
834 4042 951 4123 ubique
963 4042 1059 4107 facile
1074 4043 1315 4125 perspiceretur.
1342 4044 1464 4109 Nihilo·

341 4127 452 4202 minus
474 4138 507 4202 in
536 4158 595 4202 usu
621 4138 848 4220 simplicissimi
878 4140 973 4221 hujus
1001 4140 1134 4221 praefixi
1165 4147 1230 4203 tam
1259 4141 1361 4203 multa
1391 4149 1465 4205 sunt

341 4234 539 4316 dignissima,
564 4256 646 4317 quae
661 4237 839 4300 accuratius
855 4243 1038 4315 tractentur,
1050 4238 1096 4300 'ut
1112 4256 1151 4301 ea
1173 4256 1254 4317 quae
1270 4238 1321 4300 vel
1339 4244 1464 4303 veteres
