3575 5334
399 694 441 754 36
911 692 1012 745 Clemm

399 888 616 951 compressus,
647 862 767 945 ἄλοχος
789 865 904 931 mulier
931 865 1007 930 lecti
1032 863 1208 947 particeps,
1238 862 1313 927 alia.
1358 862 1522 945 Nusquam

399 966 486 1031 notio
515 964 676 1031 intensiva
703 962 970 1045 deprehenditur,
1007 980 1048 1026 ne
1076 960 1109 1024 in
1136 961 1175 1026 iis
1207 961 1336 1042 quidem
1365 962 1523 1044 exemplis

399 1064 514 1145 quibus
545 1081 563 1127 e
599 1061 783 1144 posterioris
820 1059 922 1143 partis
957 1058 1088 1142 propria
1123 1057 1357 1139 significatione
1377 1059 1523 1131 ¹subesse

399 1160 500 1243 possit
521 1158 623 1224 rideri
653 1158 740 1222 utin
765 1153 888 1243 ἅολλής
918 1155 1088 1237 adjectivo.
1133 1157 1185 1219 An
1207 1154 1285 1237 quid
1313 1155 1402 1220 aliud
1425 1156 1523 1240 alpha

371 1271 374 1278 '
399 1256 617 1340 copulativum
641 1255 791 1338 exprimit
812 1273 909 1335 quam
932 1253 1035 1335 ipsam
1060 1253 1150 1317 illam
1174 1252 1243 1317 sive
1265 1251 1524 1335 conjunctionem

398 1353 467 1420 sive
489 1350 768 1418 communionem?
809 1350 922 1431 Neque
956 1370 1033 1416 vero
1055 1371 1111 1412 οοο
1141 1350 1389 1433 praepositionis
1418 1350 1525 1415 simili-

307 1454 310 1462 '
398 1450 475 1514 tudo
505 1448 548 1514 ad
577 1444 708 1514 nomina
734 1448 793 1513 illa
822 1448 973 1531 quadrat,
1004 1467 1074 1512 cum
1097 1468 1154 1510 οοο
1176 1447 1328 1513 intensivi
1356 1468 1399 1513 ne
1427 1468 1524 1513 unum

398 1546 526 1628 quidem
560 1546 742 1629 exemplum
777 1544 974 1626 Hartungius
1006 1545 1129 1610 afferat.
1174 1543 1258 1622 Quin
1295 1544 1394 1611 etiam
1427 1546 1525 1609 multo

398 1643 572 1709 contortior
595 1649 643 1708 est
664 1641 800 1725 Benleyi
823 1642 1011 1726 explicatio,
1034 1642 1087 1723 qui
1111 1637 1232 1724 ἄγονος
1255 1642 1363 1707 vertit:
1401 1643 1523 1725 prolem

398 1759 505 1807 secum
534 1739 659 1805 habens
686 1740 707 1803 i.
731 1758 757 1804 e.
781 1739 935 1822 progenie
957 1740 1121 1822 praeditus
1143 1745 1176 1804 et
1196 1739 1258 1804 hoc
1285 1738 1371 1804 idem
1401 1739 1469 1805 iere
1485 1738 1524 1820 (5³)

399 1857 470 1905 esse
499 1838 568 1902 vult
595 1837 682 1918 quod
704 1833 901 1919 πολύγονος.
946 1835 1063 1901 Nonne
1084 1836 1145 1900 hoc
1169 1842 1219 1902 est
1240 1836 1305 1900 vim
1328 1836 1446 1902 afferre
1467 1837 1526 1902 lin·

398 1955 482 2019 guae
504 1934 556 2001 vel
579 1934 609 2000 ei
631 1934 792 1999 inculeare
814 1952 897 2014 quae
919 1934 991 2016 ipsa
1013 1933 1156 2016 respuit?
1207 1933 1364 1998 Toblerus
1387 1934 1526 2017 denique

399 2032 633 2116 apeuetrandi
662 2031 792 2096 notione
817 2029 1027 2113 proficiscitur
1054 2051 1118 2112 qua
1148 2031 1310 2114 plerisque
1338 2030 1369 2093 in
1400 2051 1526 2114 compo·

399 2130 468 2196 sitis
498 2150 557 2196 nos
584 2130 682 2213 plane
716 2127 844 2193 destitui
873 2127 969 2193 facile
997 2127 1204 2194 intellexeris.
1258 2126 1349 2205 Quae
1378 2147 1451 2191 cum
1480 2128 1526 2193 ita

399 2228 477 2309 sint,
516 2229 666 2310 quoniam
699 2246 793 2292 nemo
826 2225 932 2290 adhuc
965 2231 1015 2289 sat
1047 2225 1206 2307 probabili
1246 2224 1526 2307 argumentatione

399 2325 547 2391 evincere
584 2324 688 2407 potuit
716 2322 874 2404 quomodo
908 2342 949 2387 ex
979 2323 1162 2405 copulativo
1197 2322 1298 2405 alpha
1330 2321 1525 2388 intensivum

399 2426 501 2486 ortum
535 2420 591 2502 sit,
628 2426 696 2485 tota
724 2421 805 2487 haec
841 2418 1014 2501 explicatio
1050 2420 1083 2483 in
1120 2419 1251 2484 dubium
1283 2420 1431 2485 vocanda
1468 2427 1525 2485 est.

400 2517 533 2583 Accedit
562 2518 647 2599 quod
679 2518 818 2582 virorum
851 2516 1014 2581 doctorum
1043 2536 1123 2597 quos
1148 2516 1384 2581 nominavimus
1417 2519 1526 2582 nullus

400 2616 550 2697 exempla
565 2615 695 2696 collegit
715 2615 914 2694 collectaque
929 2614 1108 2678 accuratius
1123 2614 1330 2690 examinavit,
1349 2633 1420 2677 cum
1436 2633 1527 2698 prae·

401 2710 508 2776 sertim
523 2711 682 2776 nonnulla
697 2710 762 2776 sint
777 2710 951 2776 admodum
969 2710 1100 2776 incerta.
1124 2711 1176 2776 Sic
1187 2711 1429 2795 Hesychianum
1444 2710 1525 2776 illud

401 2804 612 2891 ἀγύμναστος
627 2809 660 2872 in
676 2828 737 2890 quo
760 2807 955 2891 explicando
971 2807 1132 2890 Benleyus
1153 2807 1272 2872 frustra
1293 2808 1421 2873 laborat
1434 2808 1526 2873 firma

400 2906 590 2971 auctoritate
612 2912 714 2987 caret,
744 2905 809 2969 alia
831 2905 981 2986 exempla
1003 2925 1023 2969 a
1044 2904 1222 2988 prothetioo
1248 2906 1348 2989 alpha
1369 2905 1527 2989 incipiunt

401 3021 505 3084 neque
527 3002 626 3067 ullum
648 3001 828 3068 intensivae
850 3001 990 3066 notionis
1012 3002 1182 3083 vestigium
1202 3002 1367 3086 produnt,
1396 3002 1430 3066 in
1454 3003 1527 3067 aliis

400 3100 536 3165 fortasse
557 3099 812 3183 praepositiones
834 3100 937 3163 latent
958 3098 999 3164 de
1021 3098 1135 3180 quibus
1158 3106 1270 3180 postea
1291 3106 1418 3181 agetur,
1450 3101 1527 3165 alio·

401 3218 470 3261 rum
502 3196 641 3278 denique
673 3205 739 3262 tam
772 3198 928 3261 incertum
961 3202 1010 3260 est
1042 3194 1269 3277 veriloquium,
1304 3203 1337 3260 ut
1373 3216 1433 3262 nec
1469 3218 1526 3279 pro

400 3294 501 3376 alpha
522 3294 673 3359 intensivi
690 3292 848 3375 exemplis
870 3311 930 3357 nec
952 3312 1009 3376 pro
1031 3293 1095 3357 alio
1116 3312 1236 3374 genere
1258 3294 1382 3376 possint
1404 3295 1526 3360 haberi.

487 3389 553 3455 Sed
595 3391 779 3473 priusquam
820 3390 901 3454 haec
943 3389 1072 3471 singula
1107 3396 1302 3473 spectemus,
1348 3410 1452 3472 pauca
1489 3390 1527 3457 de

402 3486 619 3567 Savelsbergii
659 3487 844 3568 conjectura
885 3485 1039 3551 addenda
1082 3493 1156 3552 sunt
1192 3507 1255 3567 qua
1297 3488 1326 3551 is
1364 3488 1527 3553 Sansorito

402 3581 545 3666 praefixo
588 3584 636 3643 ati
676 3584 802 3658 ,ultra“
839 3582 995 3647 Graecum
1031 3584 1131 3667 alpha
1167 3583 1360 3649 intensivum
1395 3605 1530 3668 respon·

327 3730 329 3735 .
404 3680 479 3745 dere
508 3679 687 3761 suspicatus
709 3685 772 3761 est,
807 3676 904 3761 idque
931 3679 1077 3763 inprimis
1104 3681 1221 3762 glossis
1246 3680 1438 3761 quibusdam
1467 3682 1530 3747 He

403 3775 566 3859 sychianis
599 3811 640 3819 -
673 3775 750 3857 quid
787 3777 870 3857 enim
909 3796 950 3842 ex
983 3777 1143 3859 Hesychio
1180 3797 1245 3841 non
1274 3778 1454 3860 probatur?
1487 3816 1529 3825 -

403 3871 590 3937 confirmare
620 3873 750 3937 studuit.
794 3875 871 3939 Tria
902 3881 1009 3938 autem
1041 3881 1116 3939 sunt
1147 3875 1304 3938 vocabula
1336 3876 1452 3956 quibus
1482 3877 1531 3940 vir

404 3969 606 4035 doctissimus
642 3972 700 4037 vel¹
730 3970 887 4052 integram
924 3971 1058 4035 formam
1095 3970 1229 4054 praefixi
1272 3967 1330 4036 ἀοι
1366 3972 1421 4036 vel
1458 3993 1530 4056 pro-

405 4067 533 4149 ductam
555 4067 675 4131 servari
698 4067 861 4152 opinatur:
909 4072 938 4144 l)
975 4063 1148 4132 ἀοιασκεῑ·
1173 4065 1338 4146 σκευάζει.
1383 4072 1415 4143 2)
1454 4068 1530 4134 ἀοί-

402 4181 482 4248 χηρ·
521 4161 656 4241 ὄοτικός
684 4173 715 4231 et
740 4161 873 4250 ἤσιχερ·
913 4162 1071 4248 δαψιλής.
1116 4168 1147 4240 3)
1184 4160 1371 4249 ricimerem·
1410 4163 1530 4250 εὐτρα-

406 4265 480 4347 (pte.
533 4261 576 4325 At
608 4262 692 4326 euim
729 4263 863 4345 primam
904 4261 1038 4325 formam
1075 4298 1116 4305 -
1153 4268 1186 4325 ut
1224 4262 1367 4326 omittam
1404 4264 1529 4328 nullum
