3575 5334
332 706 351 765 b·
845 701 946 758 Glemm

332 880 390 946 sed
423 898 505 962 quae
534 884 700 945 enumerat
732 877 845 955 verba,
881 871 1081 938 omniafere
1114 871 1356 939 denominativa
1385 888 1457 935 esse

332 972 421 1061 patet
443 983 568 1061 praeter
590 971 707 1039 ἀτὶειν.
738 974 807 1038 Hoc
828 970 1009 1053 Theognis,
1037 978 1071 1035 ut
1092 971 1229 1055 simplici
1251 975 1334 1034 τίειν
1358 967 1457 1033 verbo

332 1080 517 1158 opponeret,
533 1072 647 1156 'posuit
670 1093 700 1135 v.
724 1075 782 1135 621

437 1214 506 1284 πᾶς
527 1232 580 1284 τις
602 1204 766 1272 πλούσιον
789 1202 895 1292 ἄνδρα
917 1210 993 1283 τίει,
1017 1201 1107 1269 ἀτίει
1129 1202 1166 1268 δὲ
1190 1198 1349 1284 πενιχράν

333 1381 392 1427 neo
414 1361 519 1425 minus
549 1360 629 1425 haec
652 1360 825 1442 singularis
848 1359 950 1423 forma
971 1364 1021 1424 est
1042 1376 1137 1439 quam
1160 1359 1309 1438 θέρμετο
1333 1356 1360 1414 3
1383 1356 1456 1430 347,

333 1459 463 1525 dedisco
486 1483 505 1543 η
530 1459 608 1536 289,
640 1457 681 1522 de
704 1457 820 1538 quibus
841 1457 881 1522 cf.
905 1455 1047 1535 Curtius,
1078 1454 1118 1519 de
1147 1453 1245 1519 verbo
1268 1452 1322 1517 Gr.
1346 1452 1361 1515 Ι
1384 1454 1455 1514 331.

331 1556 446 1621 Paullo
470 1554 563 1620 aliter
591 1560 809 1637 comparatum
833 1560 882 1619 est
910 1549 1047 1630 ἀτίζειν.
1091 1550 1158 1616 Sed
1183 1551 1263 1615 haec
1285 1556 1317 1614 et
1339 1547 1458 1613 similia

332 1652 485 1718 hocloco
509 1652 655 1734 persequi
678 1651 771 1732 n0103
802 1656 887 1716 certe
916 1650 1049 1715 verbum
1078 1644 1185 1713 ἀτίειν
1209 1646 1356 1729 equidem
1386 1664 1457 1709 eum

333 1750 453 1829 Potti0‚
484 1755 606 1831 quaest.
629 1755 670 1813 et.
694 1749 726 1812 12
749 1750 811 1812 389
838 1768 903 1812 non
926 1746 1178 1829 comparaverim
1201 1764 1271 1809 cum
1294 1742 1458 1808 Sanscrito

333 1842 482 1929 u-palc'ari
494 1865 580 1922 „non
595 1846 727 1927 coquis“
749 1865 806 1927 pro
822 1844 945 1928 majore
960 1844 1031 1926 ejus
1043 1840 1282 1925 compositionis
1298 1841 1457 1905 libertate.

332 1941 481 2007 Ceterum
503 1942 578 2024 quia
600 1961 665 2006 non
687 1941 788 2006 multa
810 1949 885 2007 sunt
906 1942 1006 2006 verba
1029 1940 1163 2022 Graeca,
1186 1959 1268 2022 quae
1290 1939 1338 2002 ab·
1355 1938 1460 2003 inten-

331 2040 401 2104 sivo
431 2037 573 2121 praefixo
595 2045 720 2104 veteres
749 2039 811 2121 ipsi
840 2038 1062 2122 repetiverint,
1090 2058 1149 2102 nos
1177 2055 1303 2119 quoque
1328 2054 1367 2100 ea
1389 2042 1461 2098 tan-

331 2135 496 2201 tummodo
511 2136 689 2214 afferemus,
714 2155 797 2218 quae
812 2137 908 2202 etiam
931 2135 1123 2202 recentiores
1145 2134 1188 2199 ad
1210 2133 1350 2198 calculos
1365 2151 1458 2196 voca-

333 2238 423 2313 runt,
458 2234 620 2298 nominum
654 2253 729 2299 vero
764 2235 915 2317 exempla
944 2233 986 2297 ab
1017 2234 1159 2315 utrisque
1192 2237 1342 2295 enarrata
1374 2228 1459 2293 inira

331 2331 487 2412 deinceps
510 2331 617 2396 omnia
638 2339 867 2413 proponentur.

418 2427 497 2492 Cum
513 2436 620 2493 autem
635 2427 956 2493 etAlexandrini
979 2426 1178 2509 grammatici
1202 2433 1233 2489 et
1256 2424 1460 2508 posteriores

332 2524 513 2606 ubicunque
535 2524 660 2589 occasio
684 2531 768 2603 erat,
793 2520 814 2587 ἀ
838 2521 1035 2589 servavisse
1058 2530 1282 2605 agnoscerent,
1311 2521 1404 2586 tertio
1428 2542 1459 2602 p.

333 2620 407 2686 Chr.
424 2642 454 2685 n.
471 2621 600 2686 saeculo
618 2620 887 2704 Porphyrius,
905 2628 939 2684 ut
953 2620 986 2684 in
1001 2621 1073 2685 aliis
1087 2620 1182 2685 rebus
1198 2620 1324 2685 saniore
1336 2618 1460 2700 judicie

334 2718 483 2783 utebatur
505 2717 555 2794 (cf.
572 2716 779 2798 Schraderus,
803 2716 849 2785 de¹
865 2716 983 2799 Porph.
1007 2717 1107 2782 schol.
1123 2717 1166 2782 ad
1188 2718 1227 2781 Il.
1243 2717 1358 2781 Hamb.
1378 2720 1459 2782 1872

334 2836 365 2897 p.
390 2820 421 2888 4)
467 2814 513 2878 ita
534 2814 567 2878 in
598 2816 658 2902 hoc
680 2833 806 2897 quoque
828 2833 947 2896 genere
973 2817 1045 2898 plus
1068 2816 1149 2879 vidit
1171 2835 1264 2898 quam
1288 2822 1364 2880 ante
1387 2834 1459 2879 cunr

335 2912 501 2993 quisquam
524 2920 741 2994 perspexerat.
779 2914 812 2978 Is
833 2912 919 2979 enim
942 2913 1041 2977 schol.
1059 2913 1112 2976 BL
1127 2913 1169 2977 ad
1192 2919 1231 2976 A
1247 2917 1307 2974 155
1331 2912 1460 2994 (Porph.

335 3008 434 3074 schol.
459 3008 509 3072 ed.
532 3008 694 3074 Kammer.
718 3031 748 3093 p.
773 3013 825 3084 74)
855 3011 1020 3093 complura
1049 3010 1222 3090 vocabula,
1252 3029 1334 3091 quae
1357 3010 1460 3074 inten-

335 3104 404 3170 sivo
438 3103 580 3188 praefixo
611 3106 754 3189 incipere
785 3108 987 3189 dicebantur,
1025 3108 1119 3172 aliter
1149 3108 1309 3189 explicare
1339 3106 1461 3170 studuit

334 3223 399 3267 non
422 3203 536 3269 melius
564 3202 693 3285 quidem
721 3205 829 3270 omnia
851 3206 909 3271 sed
935 3205 1125 3286 tamenim,
1155 3212 1190 3268 ut
1219 3201 1459 3269 diocesaraea

334 3301 434 3382 plane
452 3301 598 3367 evitaret.
627 3301 717 3380 Quae
732 3321 802 3366 cum
815 3323 878 3368 non
892 3303 1002 3368 multis
1016 3303 1175 3385 probaret,
1190 3309 1262 3383 post
1276 3321 1347 3366 eum
1365 3320 1460 3364 nemo

334 3396 401 3461 fere
429 3396 471 3459 ad
493 3397 687 3463 inveteratos
716 3399 789 3464 illos
817 3420 940 3465 errores
968 3420 1034 3464 non
1059 3399 1208 3479 revertit,
1237 3418 1316 3479 quos
1339 3398 1461 3478 siquis

335 3494 516 3576 exstirpare
545 3502 577 3559 et
598 3494 740 3560 funditus
762 3496 877 3560 tollere
899 3496 1012 3577 vellet,
1043 3495 1071 3559 ei
1094 3496 1190 3576 longe
1212 3497 1277 3559 alia
1299 3495 1460 3559 refutandi

336 3590 460 3655 ratione
492 3589 647 3655 utendum
681 3599 758 3656 erat.
803 3592 1027 3657 Recentiorum
1060 3611 1137 3656 vero
1171 3594 1459 3673 grammaticorum,

337 3687 390 3769 qui
413 3686 542 3769 quidem
557 3686 750 3769 explicando
766 3689 866 3771 alpha
880 3689 1040 3754 intensive
1056 3709 1186 3771 operam
1206 3695 1374 3769 navaruut,
1399 3693 1461 3774 pri-

336 3783 486 3848 musVal
496 3784 714 3849 ckenarius
725 3786 919 3866 peculiarem
934 3787 1304 3866 commentationem„de
1316 3787 1461 3866 vocibus,

337 3881 369 3944 in
386 3879 500 3962 quibus
516 3877 537 3943 ἄ
553 3880 667 3945 dicitur
682 3878 837 3947 ἐπίτασιν
855 3883 997 3969 ὄηλοῦν“
1012 3883 1054 3949 ad
1070 3884 1205 3949 Theocr.
1222 3907 1252 3968 p.
1270 3890 1332 3947 214
1348 3885 1461 3950 edidit.

337 3977 414 4042 Post
435 3996 507 4040 eum
522 3976 626 4042 Phil.
644 3978 911 4045 Buttmannus
933 4000 1003 4045 cum
1019 3982 1061 4045 ab
1077 3982 1169 4045 initio
1184 3984 1284 4064 alpha
1298 3982 1460 4047 intensivo

337 4073 459 4137 nullum
482 4073 586 4137 locum
608 4078 826 4156 concessisset,
850 4085 963 4161 postea
984 4078 1017 4142 id
1040 4099 1104 4142 non
1127 4080 1237 4159 paucis
1253 4080 1285 4141 in
1303 4081 1460 4162 exemplis

338 4187 513 4251 agnoscere
528 4179 656 4237 coaetus
672 4181 749 4239 erat.
781 4175 894 4257 Itaque
909 4174 962 4255 qui
979 4176 1065 4240 lexil.
1079 4177 1158 4258 12p.
1178 4179 1234 4239 167
1252 4177 1285 4240 in
1301 4178 1460 4241 vocabulo

338 4262 539 4349 ἀθέσφατος
567 4267 807 4351 significationis
830 4271 1049 4338 difficultatem
1071 4281 1220 4355 negasset
1242 4279 1307 4337 tam
1331 4274 1463 4339 misera·
