3575 5334
330 677 391 740 200
536 700 539 705 ·
826 669 966 727 Merzdort

332 870 336 873 ’
418 856 563 938 φοιτῶσι
578 848 685 925 ABR,
709 850 887 932 φοιτέουσι
902 843 966 921 Pz,
989 848 1068 909 -έιο-
1087 840 1134 905 Cd
1147 844 1211 910 bist
1233 842 1279 909 lv
1296 846 1368 909 180.
1387 847 1458 910 182.

364 1000 365 1003 η
418 945 715 1036 procreassent,
745 949 911 1030 φοιτέωσι
936 940 1009 1005 CPa
1031 943 1147 1009 semel:
1168 943 1201 1007 ΙΙ
1223 946 1274 1008 60.

418 1049 448 1126 2)
479 1048 580 1112 torma
598 1042 808 1128 participialia
829 1050 887 1109 ter.
906 1045 1062 1127 φοιτῶσα
1083 1041 1117 1105 in
1139 1042 1302 1106 omnibus:
1333 1040 1381 1104 IV
1399 1045 1459 1106 116

333 1149 423 1231 (bis),
446 1150 601 1232 φοιτιῦσα
625 1141 732 1219 ABR,
763 1139 843 1206 -έιο-
868 1139 900 1218 C,
923 1144 1017 1205 -έου-
1038 1139 1103 1204 Pu:
1126 1139 1177 1205 111
1202 1141 1271 1204 119.
1315 1137 1459 1205 Steinius

259 1286 260 1290 =
333 1264 460 1328 semper
482 1246 611 1331 φοιτέω
634 1233 831 1325 φοιτέοντες
853 1238 994 1305 exhibet.

418 1341 528 1422 Effeoi,
552 1339 636 1422 quod
653 1338 750 1418 volui,
774 1345 808 1402 ut
823 1356 1046 1420 proponerem,
1069 1356 1166 1419 quam
1181 1356 1307 1419 quoque
1323 1337 1396 1400 loeo
1412 1354 1459 1399 eo·

332 1441 420 1527 diees
436 1438 614 1523 praebeant
629 1437 781 1519 formam3
804 1457 868 1519 qua
887 1436 921 1499 in
936 1454 971 1500 re
984 1435 1012 1499 si
1023 1434 1160 1502 fortasse
1172 1455 1268 1500 unam
1282 1436 1459 1500 alteramve

332 1538 466 1604 formam
489 1537 596 1617 omisi,
620 1542 751 1619 propter
772 1535 934 1617 ingentem
950 1533 1094 1599 materiei
1107 1533 1261 1600 ambitum
1278 1533 1358 1598 mihi
1373 1531 1460 1614 igno-

334 1643 448 1701 seatur.
481 1670 524 1680 —
557 1633 642 1712 Quid
670 1632 766 1716 igitur
794 1652 835 1697 ex
861 1632 925 1713 eis,
956 1651 1038 1713 quae
1064 1632 1212 1712 exhibui,
1241 1630 1460 1715 colligendum

334 1732 417 1798 erit?
460 1732 566 1796 Primo
596 1729 629 1795 id
657 1750 788 1813 prorsus
816 1737 942 1795 eonstat
971 1730 1292 1813 duodequadraginta
1320 1730 1459 1796 verbae

334 1829 477 1895 eodioum
502 1828 674 1911 eonjunota
698 1825 761 1893 fide
783 1847 910 1910 semper
937 1827 1056 1894 formas
1078 1834 1258 1894 eontraotas
1280 1826 1459 1907 ostendere,

333 1927 367 1993 in
389 1948 452 1993 uno
477 1932 508 1993 et
529 1926 642 2010 viginti
666 1926 773 1991 verbis
794 1925 968 2010 praecipue
989 1929 1024 1991 in
1046 1920 1138 2011 ὃράω
1155 1923 1307 2009 εἰρωτάω
1327 1920 1458 2011 φοιτάσι

334 2025 488 2091 fluctuari.
532 2025 647 2092 Elueet
675 2044 769 2107 porro
793 2044 812 2089 e
833 2029 899 2088 toto
922 2024 1018 2107 hujus
1043 2023 1257 2090 fluctuationis
1278 2043 1401 2107 genere
1422 2043 1460 2088 ne

334 2123 543 2208 archetypum
567 2116 696 2206 quidem
726 2121 760 2186 in
786 2123 837 2187 his
859 2123 966 2187 verbis
988 2124 1159 2188 eontraetis
1187 2123 1248 2188 sibi
1270 2123 1459 2201 constitisse,
1491 2173 1497 2196 ,

335 2241 405 2287 oum
429 2220 544 2286 eadem
566 2220 669 2286 torma
691 2220 820 2302 saepius
835 2219 868 2284 in
885 2220 1032 2286 omnibus
1047 2219 1142 2286 modo
1158 2221 1263 2286 soluta
1277 2221 1374 2287 modo
1391 2242 1460 2286 oon·

335 2326 440 2386 tracta·
459 2317 648 2402 reperiatur.
694 2315 815 2395 Quodsi
842 2317 968 2383 codices
990 2317 1120 2383 diversa
1142 2324 1273 2383 utuntur
1294 2320 1459 2403 scriptura,

334 2419 523 2501 plerumque
534 2416 633 2479 ABR
648 2418 680 2479 in
697 2414 807 2480 formis
823 2415 1005 2496 contractis,
1022 2434 1102 2497 quas
1117 2417 1266 2482 omnibus
1280 2417 1380 2499 longe
1394 2436 1460 2482 sae·

334 2516 407 2599 pius
424 2514 488 2577 AB
502 2515 650 2593 retinent,
674 2513 878 2578 consentiunt
900 2518 1010 2577 contra
1028 2510 1084 2575 GP
1106 2514 1141 2592 (d
1154 2516 1285 2580 minoris
1307 2515 1459 2581 momenti

335 2620 411 2695 est),
444 2609 500 2674 CP
519 2631 617 2694 saepe
646 2630 700 2675 eas
722 2610 840 2675 formas
869 2609 1007 2692 habent,
1038 2631 1120 2693 quae
1150 2631 1190 2676 ex
1218 2613 1373 2696 analogia
1396 2633 1460 2679 ver-

337 2712 448 2775 borum
463 2708 499 2773 in
514 2734 558 2774 ιω
574 2709 729 2774 formatae
752 2728 823 2775 esse
846 2707 1011 2792 videntur,
1035 2710 1163 2793 saepius
1179 2718 1288 2775 autem
1309 2711 1357 2775 ita
1378 2712 1460 2776 inter

337 2826 408 2874 sese
431 2805 630 2888 disorepant,
659 2813 694 2869 ut
716 2805 748 2866 P
775 2825 830 2888 pro
854 2829 895 2869 αο
920 2830 967 2885 ao,
997 2827 1054 2889 pro
1080 2831 1142 2872 αοο
1166 2832 1233 2887 nov,
1261 2830 1319 2891 pro
1342 2832 1393 2871 σιω
1417 2833 1459 2874 ιω

337 2904 471 2983 seribat,
504 2901 675 2988 Csemper
704 2903 863 2967 vocalium
887 2927 932 2968 εω
955 2905 1181 2989 conjunctione
1208 2912 1323 2972 utatur.
1368 2906 1460 2987 Quod

337 3011 371 3068 ut
393 3001 619 3084 intellegamus
641 3008 674 3068 et
702 3002 915 3084 explioemus,
945 3001 1058 3068 Steinii
1086 3004 1185 3069 verba
1213 3004 1307 3070 nobis
1336 3005 1371 3069 in
1399 3026 1461 3071 me·

336 3102 469 3166 moriam
492 3100 676 3165 revocanda
697 3105 787 3176 sunt,
811 3119 892 3181 quae
915 3120 1106 3183 quamquam
1130 3101 1299 3166 minusad
1322 3124 1375 3170 res
1396 3105 1461 3169 dia·

336 3201 467 3266 lecticas
495 3205 658 3282 spectant,
691 3204 799 3263 tamen
829 3198 890 3262 hue
919 3218 1060 3280 quoque,
1094 3205 1129 3264 ut
1157 3200 1305 3282 equidem
1335 3221 1460 3283 censeo,

336 3299 447 3365 reterri
469 3303 611 3381 possunt.
656 3296 743 3359 Dieit
765 3303 872 3360 autem
895 3295 929 3359 in
951 3295 1051 3379 praef.
1077 3317 1107 3380 p.
1133 3298 1263 3362 XXXI:
1297 3298 1461 3382 ,etheituq

336 3404 371 3459 ut
386 3394 540 3477 quidquid
558 3392 654 3455 ABR
669 3392 812 3457 eodioum
829 3394 1000 3475 eonjuneta
1014 3393 1078 3459 tide
1098 3403 1286 3478 praestetur,
1310 3397 1344 3461 id
1359 3398 1461 3481 ipsum

337 3490 485 3555 fueritin
508 3491 704 3574 arehetyp0“
728 3497 759 3555 et
781 3490 814 3553 in
837 3489 937 3573 praet.
957 3492 1083 3557 XXIV:
1105 3494 1219 3571 ,trium
1242 3493 1357 3559 horum
1380 3495 1463 3560 eodi-

338 3608 408 3654 eum
435 3585 511 3650 CPd
536 3607 619 3669 quae
648 3607 732 3653 nune
753 3587 862 3653 'multis
884 3588 963 3654 loeis
990 3598 1143 3673 apparet,
1173 3593 1369 3675 communio,
1399 3614 1461 3658 non

337 3686 446 3768 stirpis
462 3692 510 3751 est
525 3703 628 3767 neque
643 3705 793 3767 errorum,
808 3684 867 3750 sed
880 3686 1138 3769 interpolationis
1153 3697 1186 3755 et
1200 3690 1463 3758 eorreetionum.“

337 3784 451 3863 Neque
473 3781 619 3847 diffieiles
640 3784 774 3848 inventu
796 3803 913 3849 causae
934 3794 1023 3865 sunt,
1046 3786 1162 3867 quibus
1184 3789 1319 3871 permoti
1341 3789 1461 3857 librarii

337 3886 479 3945 veterem
494 3880 660 3964 archetypi
676 3881 865 3963 seripturam
880 3884 1083 3948 mutaverint.
1099 3921 1140 3930 -
1162 3883 1364 3967 Quamquam
1379 3887 1462 3953 enim
1482 3956 1487 3965 ‚

336 3982 488 4062 χρέωμαι
509 3983 673 4063 χρέωνται
696 3984 728 4042 et
749 3985 876 4044 ceterae
899 3980 992 4063 hujus
1008 3981 1097 4047 verbi
1111 3981 1234 4049 formae
1256 4004 1314 4067 per
1328 4008 1374 4050 εω
1391 3985 1463 4051 seri·

337 4082 413 4157 ptae
441 4082 533 4140 tanta
561 4075 741 4141 constantia
769 4077 833 4141 sint
862 4077 1015 4158 traditae,
1044 4085 1080 4143 ut
1107 4079 1148 4145 de
1170 4081 1218 4145 eis
1239 4081 1382 4147 dubitari
1410 4102 1463 4148 ne·

339 4179 450 4253 queat,
484 4172 561 4238 inde
590 4194 610 4237 a
638 4172 732 4236 1177
768 4174 870 4240 codex
898 4175 932 4237 P
959 4196 1083 4242 summa
1115 4178 1293 4260 pertinacia
1319 4184 1462 4261 χρέομαι

328 4276 494 4351 φρέοιται
524 4271 670 4352 exhibet,
703 4290 766 4353 qua
793 4291 833 4337 ex
859 4291 894 4337 re
916 4275 1021 4340 elucet
1045 4275 1210 4339 librarium
1231 4276 1372 4344 insolitis
1398 4277 1463 4344 illis
