3575 5334
406 691 468 752 252
924 694 1012 748 Gener

404 868 498 948 -κλῆς
522 867 741 932 desinentibus
763 866 910 931 derivata
931 874 1006 931 sunt
1027 873 1061 931 ut
1079 857 1325 948 Ἀμφικλείδης,
1348 868 1531 951 Δημοκλεί-
1592 889 1597 901 ·

407 965 473 1048 (loc,
499 957 684 1045 Εὐκλείδης.

492 1087 503 1126 ι
532 1062 653 1126 vocalis
687 1059 800 1125 suffixo
834 1059 944 1125 deberi
978 1059 1105 1124 videtur
1138 1059 1233 1124 etiam
1260 1060 1294 1124 in
1323 1065 1356 1124 A
1364 1060 1530 1141 αρεικός

405 1163 490 1241 (199,
512 1174 537 1226 5.
567 1162 638 1239 207,
662 1167 714 1239 13),
737 1156 822 1239 quod
845 1177 910 1221 non
933 1177 973 1222 ex
995 1155 1215 1237 *Δαρει-ικός
1236 1165 1453 1240 contractum,
1475 1158 1530 1224 sed

404 1266 550 1341 conepta
574 1281 602 1321 ει
626 1256 827 1339 diphthongo
850 1255 883 1319 in
908 1277 922 1318 ε
949 1274 1007 1337 per
1027 1253 1167 1319 mediam
1196 1255 1330 1320 formam
1353 1255 1530 1336 Δαρε-ϊκός

404 1356 522 1420 iactum
550 1373 621 1420 esse
649 1353 837 1437 putaverim.
887 1372 963 1415 nam
993 1350 1263 1434 diphthongorum
1291 1352 1325 1417 in
1349 1376 1362 1415 ι
1385 1353 1530 1419 desinen-

404 1452 483 1516 tium
513 1452 670 1534 correptio
696 1458 772 1515 ante
794 1448 909 1514 suffixa
931 1470 951 1513 a
974 1450 1137 1515 vocalibus
1160 1450 1348 1533 incipientia
1369 1451 1451 1517 satis
1473 1453 1529 1516 usi·

405 1557 473 1614 tata
496 1556 554 1613 est.
1324 1567 1327 1571 ⁴

489 1651 612 1711 restant
635 1665 674 1710 ea
695 1652 817 1709 tantum
841 1644 1005 1727 exempla,
1033 1645 1067 1708 in
1090 1646 1205 1726 quibus
1229 1670 1241 1709 ι
1263 1653 1319 1710 aut
1341 1646 1529 1712 termina-

405 1744 554 1808 tionem
579 1741 877 1806 declinationis
900 1748 955 1806 aut
978 1742 1092 1807 saltem
1118 1751 1241 1826 partem
1265 1745 1334 1809 eius
1357 1742 1463 1808 efficit.
1499 1742 1531 1806 in

405 1861 467 1923 quo
489 1859 608 1921 genere
630 1846 703 1905 sunt
725 1859 766 1905 ex
795 1838 959 1903 nominum
982 1838 1198 1907 declinatione
1222 1842 1323 1906 dativi
1350 1840 1422 1907 sive
1450 1842 1531 1905 looa·

403 1939 461 2004 tivi
483 1939 604 2002 formae
626 1938 659 2001 in
683 1960 712 2000 ει
735 1936 936 2015 desinentes,
960 1943 995 2000 ut
1017 1934 1131 2015 πόλει,
1156 1958 1174 2004 e
1196 1927 1367 2005 verborum
1391 1938 1532 2003 declina·

404 2035 491 2099 tione
514 2035 627 2099 tertiae
650 2052 806 2116 personae
829 2033 910 2114 sing.
934 2054 1038 2116 praes.
1062 2042 1123 2101 aot.
1146 2036 1277 2114 formae,
1301 2041 1335 2100 ut
1358 2034 1434 2115 ἔχει.
1479 2056 1534 2102 ne·

404 2152 466 2214 que
487 2132 551 2196 alio
574 2130 744 2196 referenda
772 2138 846 2195 sunt
872 2150 912 2195 ea
933 2133 1109 2213 voeabula,
1138 2153 1221 2214 quae
1248 2135 1321 2216 ipsa
1343 2153 1471 2215 quoque
1494 2153 1539 2199 ex

404 2229 620 2295 declinatione
648 2230 811 2293 nominum
843 2229 995 2310 oriunda,
1028 2250 1099 2295 oum
1132 2230 1243 2313 lingua
1275 2231 1370 2295 huius
1402 2232 1538 2314 originis

404 2329 527 2391 nullam
555 2326 739 2391 memoriam
763 2325 929 2405 retineret,
957 2327 991 2392 in
1021 2328 1246 2394 adverbiorum
1275 2335 1425 2392 naturam
1449 2329 1541 2394 ahie-

403 2433 492 2489 runt:
517 2420 592 2499 αἰεί,
618 2422 655 2499 εἰ,
681 2422 764 2498 ἐπεί,
789 2421 855 2486 ἐκεῖ
877 2428 905 2499 (1
918 2425 953 2505 B,
976 2430 1028 2504 30),
1052 2418 1167 2489 ἀσυλεί
1190 2430 1253 2506 (41,
1278 2430 1328 2502 13).

489 2521 520 2585 b.
565 2544 601 2585 ει
632 2521 742 2585 facta
774 2528 834 2585 est
866 2540 913 2585 ex
944 2522 1124 2605 simplici
1155 2548 1176 2586 ι.
1222 2522 1314 2587 huius
1341 2524 1540 2590 mutationis

404 2638 501 2683 causa
529 2619 588 2683 iuit
617 2617 794 2701 depravata
822 2619 911 2699 apud
933 2618 1056 2685 Atticos
1083 2620 1316 2703 pronuntiatio,
1348 2640 1433 2702 quae
1462 2642 1538 2687 curn

404 2714 614 2798 productione
638 2739 650 2778 ι
673 2716 810 2793 vocalis,
840 2715 868 2779 si
897 2734 937 2779 ea
964 2724 1061 2781 antea
1089 2718 1197 2783 brevis
1225 2717 1343 2797 iuerat,
1372 2718 1535 2784 interdum

405 2811 576 2875 coniuncta
604 2812 672 2876 fuit.
724 2834 798 2876 nam
828 2813 859 2876 in
890 2813 1032 2896 Neptuni
1062 2815 1189 2896 quidem
1219 2814 1349 2880 nomine
1377 2816 1544 2882 Ahren-

405 2910 504 2988 sius,
547 2908 600 2990 qui
632 2910 747 2973 Philol.
782 2913 821 2975 23
856 2911 1013 2994 ampliore
1051 2912 1267 2995 disputatione
1304 2911 1345 2977 do
1382 2932 1421 2978 eo
1459 2915 1532 2996 egit,

406 3006 545 3072 ostendit
568 3031 596 3069 ει
620 3006 871 3090 diphthongum,
896 3028 978 3090 quae
1002 3008 1131 3073 lonicae
1154 3016 1185 3073 et
1207 3009 1358 3074 heolioae
1381 3009 1533 3076 dialecto·

405 3125 474 3169 rum
511 3105 641 3188 propria
672 3104 780 3184 fuerit,
816 3105 964 3170 omnibus
998 3104 1044 3169 eis
1077 3107 1156 3171 locis
1189 3126 1229 3172 ex
1260 3131 1272 3170 ι
1299 3106 1419 3171 factam
1452 3125 1532 3186 esse,

406 3202 521 3284 quibus
554 3203 635 3267 haec
667 3203 789 3268 vocalis
820 3203 919 3283 longa
950 3202 1076 3285 fuissct3
1111 3223 1204 3284 quam
1239 3203 1279 3267 ob
1311 3223 1378 3268 rem
1412 3205 1535 3269 Atheos

404 3298 613 3382 Ποσῖδῃῶνα
636 3319 796 3380 mensem,
829 3299 887 3365 sed
917 3299 1116 3363 Ποσειδῶνα
1139 3301 1234 3365 deum
1264 3300 1395 3366 dixisse.
1441 3302 1534 3368 huius

405 3396 500 3478 igitur
524 3419 553 3459 ει
575 3396 769 3478 diphthongi
791 3403 920 3479 praeter
941 3396 1045 3479 ipsum
1060 3396 1313 3461 Ποσειδῶνα
1336 3404 1377 3478 et,
1401 3398 1429 3464 si
1452 3417 1534 3481 quae

405 3493 564 3556 vocabula
593 3491 634 3557 de
663 3493 723 3557 hoc
751 3494 880 3559 nomine
914 3493 1059 3559 derivata
1086 3501 1175 3578 sunt,
1207 3495 1241 3559 in
1273 3496 1535 3579 inscriptionibus

408 3589 522 3655 Atticis
545 3590 625 3654 haec
647 3596 722 3653 sunt
744 3590 911 3672 exempla:

489 3680 819 3770 Ἀριστονείκης,
850 3687 935 3768 quod
964 3708 1082 3752 nomen
1111 3689 1273 3772 proprium
1296 3692 1357 3753 407
1381 3690 1533 3774 scriptum

406 3784 504 3850 fuisse
533 3782 660 3847 videtur
689 3791 721 3848 et
748 3784 824 3866 quin
848 3783 889 3849 de
914 3787 1005 3848 νικᾶν
1027 3788 1119 3851 verbi
1146 3787 1245 3868 stirpe
1275 3785 1457 3852 derivatum
1484 3788 1534 3866 sit,

408 3881 548 3947 dubitari
570 3881 626 3945 vix
648 3887 763 3963 potest.
1391 3943 1393 3945 ,

492 3975 747 4062 Διειτρέφης
777 3983 853 4060 402,
877 3991 903 4043 a.
939 3983 1010 4058 447,
1033 3992 1074 4043 53.
1124 3981 1309 4065 posterioris
1336 3982 1455 4048 aetatis
1482 4002 1534 4047 ex·

407 4077 515 4160 empla
537 4075 612 4141 vide
634 4076 722 4159 apud
744 4077 982 4142 Weckleinium
1005 4099 1037 4161 p.
1061 4080 1112 4143 39.

493 4177 521 4237 E
529 4173 689 4238 ἰτεαῖοι
719 4175 819 4255 2739,
842 4186 889 4255 36,
928 4175 1016 4241 ouius
1051 4176 1227 4260 scripturae
1256 4176 1408 4258 exempla
1436 4196 1454 4242 e
1482 4195 1534 4258 po·

408 4272 540 4336 steriore
563 4279 669 4337 aetate
691 4272 785 4336 affert
808 4272 972 4354 Francius,
1002 4273 1105 4338 Elem.
1128 4291 1178 4355 ep.
1201 4272 1257 4338 Gr.
1279 4293 1311 4355 p.
1337 4277 1407 4337 150.
