3575 5334
746 700 780 756 de
797 700 880 768 alpha
897 702 1038 755 intensivo.
1397 704 1456 763 117

328 876 422 936 6611111
430 918 438 951 ,
463 888 527 934 11611
550 869 723 951 navigatio.
769 870 887 937 Scribit
909 872 1005 956 igitur
1026 897 1086 937 ταν
1109 872 1352 955 μελανόκροκον
1375 872 1459 960 ἀγά-

330 990 447 1033 στονον
472 965 638 1050 θεωρίδα.
682 968 752 1033 Etsi
781 969 923 1035 eonoedo
949 966 1134 1053 ἀγάστονον
1158 970 1389 1039 describendae
1411 976 1457 1041 rei

329 1065 444 1129 melius
477 1064 633 1130 inservire
667 1084 761 1146 quam
795 1062 993 1143 ναύστολον,
1032 1068 1092 1133 hoe
1121 1074 1227 1134 tamen
1256 1070 1333 1134 mihi
1362 1072 1458 1137 nimis

330 1163 507 1246 quaesitum
532 1160 659 1226 videtur
681 1182 776 1244 quam
800 1164 885 1243 quod
914 1163 955 1228 ab
978 1164 1107 1229 librario
1130 1165 1276 1231 additum
1299 1165 1356 1248 sit,
1386 1188 1457 1233 uum

330 1259 519 1344 praesertim
564 1260 764 1341 corruptelae
802 1261 959 1325 rationem
999 1262 1102 1342 qualis
1147 1262 1242 1328 fuerit
1275 1264 1458 1331 Dindoriius

330 1356 500 1440 aperuerit.
532 1355 650 1421 Verum
672 1356 748 1421 lieet
768 1356 1054 1424 lamentationibus
1069 1377 1179 1423 carere
1201 1380 1266 1424 non
1289 1362 1457 1444 possimus,

330 1455 432 1519 torma
454 1449 598 1527 ἄστονος
620 1471 679 1519 666
700 1462 864 1535 nequeunt
886 1456 1032 1538 exprimi.

417 1604 449 1675 7)
484 1597 734 1686 ἀφέρτερσς.

332 1748 471 1833 Hesyeh.
496 1744 721 1832 ἄφερτέρονς·
751 1748 856 1814 πολὺ
881 1748 1083 1835 φερτέρονς,
1115 1758 1147 1817 61
1169 1748 1374 1837 debereque*
1400 1776 1459 1815 τα-

329 1845 479 1928 χύτερος.
524 1845 614 1909 Prior
642 1845 879 1928 interpretatio,
911 1847 1015 1929 inquit
1043 1848 1275 1929 Doederlinus,
1305 1849 1460 1931 661116661-

332 1944 427 2009 tionis
449 1941 575 2024 legibus
598 1962 693 2023 quam
715 1944 855 2009 manime
877 1952 1044 2027 repugnat,
1069 1966 1143 2009 narn
1165 1944 1331 2010 verissime
1353 1946 1460 2010 Philo·

332 2040 492 2107 1161166111
518 2042 569 2104 nt.
591 2039 632 2103 Μ.
658 2042 727 2121 195,
754 2044 792 2103 16
816 2037 914 2106 οὐδὲν
938 2039 987 2116 εἰς
1010 2065 1104 2125 -ρσς
1127 2040 1221 2127 λήγει
1246 2041 1459 2127 συγκριτικὸν

333 2139 418 2220 μετὰ
441 2135 633 2223 στερήσεως
656 2134 846 2219 λεγόμενον.
889 2138 987 2202 Miror
1014 2174 1056 2183 -
1085 2159 1126 2203 611
1150 2138 1253 2202 diuam
1277 2159 1341 2202 non
1364 2140 1460 2203 miror

333 2272 375 2281 —
402 2234 489 2318 quod
518 2234 732 2299 Doederlinus
761 2242 904 2300 veterum
939 2237 1214 2316 grammaticorum
1244 2236 1377 2316 argutiis
1406 2236 1460 2300 de·

334 2339 445 2416 ceptus
472 2337 612 2412 tenetur,
648 2351 718 2395 oum
747 2351 788 2407 ne
814 2325 995 2397 Lobeolrius
1024 2332 1152 2414 quidem
1182 2332 1270 2414 path.
1295 2331 1334 2396 el.
1358 2331 1458 2395 1213

334 2430 452 2497 similia
466 2428 651 2493 testimonia
665 2428 803 2493 afferens
816 2428 1012 2510 ignoraverit
1026 2436 1179 2511 quantum
1195 2449 1259 2492 non
1276 2430 1384 2493 valeat
1396 2430 1460 2493 tale

334 2533 549 2611 praeceptum.
581 2525 699 2589 Verum
723 2531 772 2590 est
794 2528 1029 2609 comparativus
1051 2548 1116 2591 non
1139 2528 1242 2592 solere
1265 2546 1335 2590 oum
1359 2526 1460 2608 alpha

334 2624 491 2709 privativo
515 2623 661 2704 componi
685 2621 742 2687 sed
758 2625 954 2705 comparanti
974 2626 1099 2706 glossas
1114 2624 1338 2707 Hesychianas
1354 2618 1460 2708 ἄφορ-

334 2728 468 2805 repom·
492 2719 578 2784 πολὺ
603 2723 788 2805 φερτέρους
804 2727 835 2784 61
856 2717 1052 2805 ἀφέρτεροι·
1076 2718 1220 2807 ἥσσονες
1243 2730 1299 2786 aut
1320 2728 1461 2786 616111611-

335 2820 409 2884 (16111
436 2824 486 2883 661
513 2817 723 2900 posteriorum
746 2817 885 2898 aliquem
910 2819 1098 2901 seriptorum
1122 2826 1156 2883 ut
1178 2826 1252 2884 sunt
1274 2817 1461 2883 audaeiores

335 2917 367 2981 in
393 2914 553 2980 novandis
582 2913 761 2993 voeabulis,
793 2914 893 2978 nihilo
923 2917 1021 2981 setius
1044 2912 1231 3000 ἅφέρτερος
1254 2915 1384 2979 finxisse
1406 2921 1462 2978 aut

335 3017 461 3097 glossas
490 3014 564 3076 illas
592 3013 721 3077 omnino
750 3030 821 3075 esse
850 3010 1017 3077 delendas.
1062 3014 1096 3077 Si
1119 3033 1182 3094 qua
1204 3017 1325 3079 exstitit
1355 3011 1462 3099 ἄφέρ-

336 3134 448 3195 τερος,
484 3110 570 3191 61161
599 3108 819 3191 interpretatio
853 3107 940 3172 πολὺ
974 3114 1139 3193 φέρτερος
1172 3131 1191 3173 6
1220 3119 1371 3176 consueto
1404 3113 1461 3175 illo

337 3216 480 3274 veterum
510 3226 615 3271 errore
643 3205 793 3289 profluxit
820 3224 881 3285 quo
912 3212 958 3269 tot
982 3205 1147 3269 vocabulis
1177 3226 1246 3269 eum
1272 3207 1372 3289 alpha
1400 3207 1462 3288 pri-

337 3307 444 3371 vativo
482 3303 666 3385 compositis
700 3304 795 3368 etiarn
826 3302 1019 3367 intensivam
1048 3302 1210 3367 notionem
1244 3301 1461 3382 obtruderent,

337 3405 438 3469 611616
467 3406 572 3465 autem
598 3397 778 3484 ταχύτερος
801 3398 843 3463 ad
867 3399 956 3463 aliud
979 3400 1167 3463 vocabulum
1192 3401 1345 3482 pertinet,
1377 3399 1462 3481 quod

339 3501 376 3565 ab
401 3495 613 3585 ἆφάρ-τερος
631 3510 660 3580 ψ
676 3502 734 3562 311
760 3496 1030 3561 1616116116611611
1053 3496 1224 3562 diversum.
1255 3496 1362 3575 Quare
1377 3496 1463 3578 quod

338 3599 435 3663 Maur.
460 3593 654 3660 Schmidtius
678 3593 815 3677 priorem
838 3595 977 3676 glossam
1001 3594 1202 3675 Diogeniano
1225 3595 1369 3676 reliquit,
1399 3594 1464 3659 He·

339 3696 447 3780 syelrio
471 3692 690 3775 posteriorem,
714 3692 907 3756 eontrarium
931 3693 1049 3756 vellem
1071 3691 1270 3757 instituisset.

420 3789 516 3869 Quod
538 3790 584 3853 ita
606 3788 714 3853 omnia
741 3789 808 3854 fere
837 3790 1002 3878 uooabula¹
1025 3789 1287 3871 perlustravimus
1313 3809 1396 3871 quae
1419 3788 1465 3853 di-

340 3889 439 3955 versis
477 3885 672 3967 temporibus
709 3886 750 3949 ab
783 3887 883 3968 alpha
914 3886 1074 3951 intensive
1110 3887 1251 3971 incipere
1285 3886 1345 3950 viri
1379 3886 1465 3951 doeti

340 3989 508 4052 voluerunt
537 3982 571 4047 id
599 3982 639 4047 iis
668 3983 835 4064 probatum
860 3983 898 4047 iri
921 3983 1038 4047 seimus
1060 3983 1174 4064 quibus
1196 3984 1229 4048 in
1254 3983 1388 4064 singulis
1411 4002 1465 4046 ex-

342 4081 500 4166 plioandis
523 4079 644 4160 aliquid
668 4080 840 4160 6161661666
863 4079 924 4144 visi
947 4080 1072 4146 erimus.
1111 4080 1194 4144 Nam
1218 4100 1288 4144 cum
1311 4098 1331 4141 6
1353 4077 1464 4158 666616

342 4177 530 4262 quibusdam
559 4177 736 4259 perspieuis
759 4177 915 4260 exemplis
939 4176 1137 4257 discesseris,
1165 4192 1327 4258 perpauea
1348 4175 1381 4237 in
1405 4173 1465 4237 hoe

342 4296 470 4343 numero
507 4281 582 4339 sunt
615 4294 747 4355 quorum
777 4274 817 4340 de
852 4274 974 4355 origine
1003 4274 1108 4338 adhue
1136 4271 1220 4336 inter
1252 4289 1363 4335 omnes
1392 4289 1466 4335 eon-
