3575 5334
338 635 399 696 104
855 635 956 689 Clemm

335 814 371 873 ut
405 808 502 891 vulgo
536 806 670 872 credunt
709 825 780 874 eam
819 804 1069 889 explicationem
1110 827 1174 889 qua
1210 802 1381 891 ἀγίρωχος
1420 806 1461 871 ab

337 902 484 990 ἀγείρειν
514 900 594 989 ἀχήν
623 904 786 970 derivatur
808 940 851 948 -
873 904 969 968 immo
999 924 1155 986 nusquam
1180 904 1267 987 apud
1290 904 1459 969 Homerum

337 997 414 1085 ἀχήν
444 1022 501 1085 pro
530 998 660 1087 τρυφήν
690 1019 761 1066 esse
790 1000 847 1065 ille
869 1007 980 1065 contra
1009 998 1085 1066 dicit
1105 1037 1148 1047 -
1169 1000 1227 1066 sed
1250 1002 1412 1084 placuisse
1433 1000 1461 1065 ei
1531 1069 1534 1075 ,

335 1100 433 1164 aliam
455 1098 751 1181 interpretationem
774 1117 837 1179 qua
861 1096 982 1162 indicet
1003 1096 1202 1182 γεραόχους,
1227 1095 1387 1179 σεμνοὺς,
1410 1095 1462 1163 ἒν-

334 1200 462 1277 τίμσυς.
501 1196 613 1277 ltaqne
636 1194 677 1260 de
698 1195 760 1260 hao
782 1215 817 1260 re
838 1195 913 1278 plus
935 1195 1014 1260 disci
1037 1214 1078 1260 ex
1100 1198 1151 1260 Et.
1174 1196 1281 1278 llagn.
1304 1214 1401 1277 quam
1423 1213 1462 1260 en

334 1293 435 1359 schol.
459 1291 529 1357 cod.
559 1291 639 1357 Van.
663 1293 691 1356 A
713 1290 797 1356 bene
819 1291 985 1376 perspexit
1007 1291 1215 1375 Carnuthius,
1249 1292 1361 1357 annal.
1384 1290 1461 1375 phil.

335 1396 368 1457 et
390 1388 485 1473 paed.
512 1392 570 1454 103
593 1410 624 1471 p.
642 1392 713 1453 583.
758 1387 824 1454 Sed
846 1390 1075 1471 perlustramus
1097 1395 1204 1454 cetera
1225 1389 1421 1455 testimonia.

419 1488 509 1552 Eust.
539 1484 582 1550 ad
604 1490 635 1549 B
658 1488 720 1549 654
749 1481 916 1571 ἀγέρωχοι
946 1485 982 1551 δὲ
1012 1486 1045 1551 οἱ
1075 1482 1159 1570 ἀγαν
1187 1484 1286 1572 γέρας
1319 1484 1462 1567 ἔχοντες,

338 1583 394 1649 ἵνα
411 1578 480 1649 εἶεν
495 1578 676 1666 ἀγεράοχοι
695 1632 702 1646 .
720 1632 727 1645 .
745 1631 752 1645 .
769 1579 842 1646 κατ)
861 1581 1063 1648 ἐπίτασιν
1086 1589 1151 1646 τιῦν
1169 1579 1286 1660 ἀπλιῦς
1301 1589 1462 1667 γεραριῦν.

334 1681 442 1766 Δηλσῑ
465 1679 503 1745 δέ
527 1701 631 1766 φασιν
656 1675 762 1756 οὕτως
787 1674 806 1767 ἡ
831 1678 922 1760 λέξις
949 1679 1029 1757 τοὺς
1052 1679 1210 1762 σεμνοὺς,
1240 1678 1286 1758 ὥς
1317 1679 1462 1763 Αλκμάν

333 1774 503 1861 βούλεται.
548 1771 703 1852 Ἀλκαῖος
732 1775 769 1840 δέ
797 1800 884 1861 φασι
913 1779 971 1843 καὶ
993 1775 1184 1861 Ἀρχίλοχος
1210 1775 1385 1863 ἀγέρωχον
1407 1776 1463 1841 τδν

335 1870 486 1955 ἀκοσμσν
516 1876 573 1938 καὶ
602 1869 747 1954 ἀλαζόνα
777 1870 879 1939 οἶδεν.
925 1876 975 1939 Ex
1003 1874 1052 1940 his
1081 1875 1189 1940 verbis
1210 1883 1364 1959 apparet,
1393 1893 1462 1938 oum

335 1971 470 2036 Alcman
493 1991 584 2035 usum
608 1970 810 2037 Homericum
832 1972 1025 2051 retinuisset,
1043 1972 1113 2054 jam
1130 1973 1283 2036 Alcaeum
1307 1979 1340 2038 et
1355 1973 1462 2037 Archi·

333 2068 462 2134 lechum
486 2067 621 2133 desiisse
642 2068 704 2133 hoc
726 2069 868 2151 epitheto
891 2070 937 2133 uti
959 2089 1016 2151 pro
1038 2068 1195 2134 laudabili
1214 2076 1249 2133 ut
1271 2069 1464 2151 posteriores

335 2184 447 2231 omnes
469 2166 658 2248 salptores,
683 2166 736 2246 qui
759 2165 887 2247 quidem
910 2173 1052 2230 nostrum
1076 2168 1306 2231 resuscitarunt
1328 2167 1463 2232 vocabu-

333 2264 410 2327 lum.
465 2263 549 2327 Nam
583 2282 654 2327 curn
687 2261 775 2345 apud
808 2263 931 2327 Atticos
964 2262 1080 2327 frustra
1113 2282 1249 2344 quaeras
1282 2259 1463 2347 ἀγέρωχσς,

335 2360 507 2444 Polybius,
536 2359 743 2441 Plutarchus,
774 2360 1003 2439 Philostratus,
1031 2360 1088 2425 alii
1110 2368 1161 2425 sat
1182 2361 1283 2426 multa
1304 2361 1365 2426 tihi
1391 2362 1463 2427 olie-

333 2464 407 2521 runt
430 2458 589 2539 exempla.
634 2457 748 2540 Polyb.
768 2458 800 2521 lI
822 2462 851 2536 8,
876 2460 893 2519 7
920 2452 936 2540 ἡ
963 2455 999 2520 δὲ
1026 2463 1135 2521 Τεῦτα
1239 2454 1462 2541 ἀγερώχως

334 2554 391 2617 καὶ
415 2547 645 2639 ὑπερηφάνως
675 2550 783 2616 αὐτῶν
813 2554 892 2631 (scil.
916 2559 982 2615 τών
1005 2552 1194 2635 πρεςβέων)
1223 2550 1369 2637 ἤκουσεν
1393 2556 1412 2620 i.
1435 2576 1463 2621 s.

335 2650 484 2734 superbe.
528 2651 611 2713 Plut.
635 2651 732 2714 Marc.
758 2656 771 2713 1
797 2648 835 2714 τὸ
859 2656 983 2733 γαῦρον
1006 2652 1060 2715 καὶ
1084 2648 1263 2734 ἀγέρωχον,
1286 2653 1400 2717 Artox.
1423 2656 1461 2717 27

338 2745 530 2833 Τηρίβαζος
554 2743 816 2828 ...τιμώμενος
841 2737 880 2833 ἦν
903 2744 1060 2832 ἐπαχθὴς
1082 2741 1149 2812 ἀπὸ
1177 2745 1385 2833 χαυνότητος
1408 2751 1462 2815 καί

333 2843 372 2906 τό
397 2840 622 2924 κολουόμενον
646 2839 728 2908 οάτα
744 2842 862 2908 πεινδν
886 2841 963 2908 οὐδ’
988 2841 1150 2930 ἡσυχαῖον
1174 2842 1257 2909 ἀλλά
1279 2846 1383 2929 τραχδ
1407 2848 1461 2912 καί

332 2935 551 3022 ἀγέρωχον
583 2935 680 3021 εἶχεν.
732 2940 935 3006 Homericum
964 2948 1074 3006 contra
1104 2963 1197 3008 usum
1226 2950 1357 3009 revocat
1380 2945 1461 3009 Plut.

333 3037 413 3101 Fab.
434 3040 470 3099 19
494 3035 664 3115 Κλαύδιος
680 3036 882 3121 Μάρκελλος
899 3088 906 3102 .
924 3088 931 3102 .
949 3088 956 3103 .
973 3040 1187 3122 περιλαμπὲς
1202 3038 1241 3104 τό
1259 3039 1462 3127 δραστήριον

334 3132 419 3214 έχων
442 3135 497 3198 καὶ
519 3141 653 3220 γαῦρον,
677 3131 735 3199 <tre
761 3133 801 3219 δὴ
826 3133 985 3199 καὶκατὰ
1006 3146 1103 3219 χεῖρα
1127 3133 1208 3220 ἀνὴρ
1231 3133 1383 3223 πλήκτης
1407 3138 1461 3202 καί

334 3229 437 3317 φύσει
459 3239 614 3308 τοιοῦτος
630 3225 685 3310 ών,
710 3228 960 3317 οἵουςὍμηρος
974 3230 1121 3313 μάλιστα
1136 3233 1235 3298 καλεῖ
1255 3233 1462 3320 φιλοπτολέ-

332 3351 418 3410 μους
447 3330 505 3394 καὶ
533 3325 796 3412 ἀγερώχους,
831 3326 867 3393 έν
890 3335 938 3413 τη]
967 3328 1151 3415 παραβόλῳ
1182 3332 1239 3395 καὶ
1267 3329 1376 3417 ἰταμῷ
1406 3333 1462 3398 καί

332 3423 421 3509 πρὸς
455 3420 562 3509 ἀνδρα
594 3424 760 3512 τολμηρόν
793 3424 852 3489 τὸν
882 3423 1034 3509 Ἀννίβαν
1069 3423 1310 3510 ἀντιτολμῶντι
1346 3428 1462 3515 τρόπῳ

332 3518 485 3602 πολέμου
509 3525 687 3586 συνίστατο
709 3521 788 3597 τοδς
811 3520 967 3605 πρώτους
987 3516 1128 3607 ἀγῶνας,
1151 3544 1245 3606 quem
1267 3525 1375 3590 locum
1398 3548 1462 3593 non

332 3624 419 3684 recte
442 3618 690 3685 Schmalteldius
718 3619 945 3702 interpretatus
975 3639 1046 3686 esse
1074 3621 1209 3688 videtur.
1263 3621 1349 3688 Oitat
1377 3625 1462 3690 enim

334 3715 525 3781 Plutarchus
547 3716 730 3798 Homerum,
754 3737 819 3781 non
842 3736 919 3782 suae
942 3717 1058 3782 aetatis
1080 3720 1150 3783 usui
1172 3718 1327 3802 indulget.
1370 3720 1463 3787 Simi-

333 3813 407 3877 liter
430 3812 524 3878 Dion.
548 3813 621 3877 Hal.
646 3813 686 3879 de
708 3833 811 3896 comp.
835 3814 924 3879 verb.
946 3835 977 3897 p.
1006 3818 1064 3879 118
1086 3814 1248 3898 adjectivo
1270 3812 1463 3901 ἀγερώχους

332 3908 447 3974 utitur:
485 3904 565 3973 ὅταν
599 3910 636 3976 δὲ
670 3908 806 3993 οἰκτρὰν
838 3904 860 3993 ἢ
893 3910 1045 3997 φοβερὰν
1079 3906 1100 3997 ἢ
1129 3907 1345 3998 ἀγέρωχον
1379 3912 1463 3999 dipsa

333 4002 471 4092 εἰσάγῃ,
500 4013 566 4069 τιῦν
594 4032 630 4072 τε
661 4005 863 4092 φωνηέντων
894 4003 933 4072 οὗ
961 4007 1003 4072 τὰ
1033 4006 1196 4091 κράτιστα
1224 4007 1347 4096 θήσει,
1378 4009 1461 4076 ἀλλὰ

332 4110 398 4167 τών
422 4103 624 4189 ψοφοειδῶν
647 4099 668 4189 ἢ
692 4100 838 4190 ἀφώνων
860 4101 902 4166 τδι
919 4103 1204 4190 δυσεκφορώτατα
1225 4105 1384 4191 λήψεται,
1407 4109 1462 4174 ubi

329 4199 522 4266 Sohaeferus
554 4201 650 4267 vertit
680 4200 824 4267 insolens
856 4206 887 4267 et
923 4201 1063 4269 immane
1090 4203 1204 4268 visum.
1262 4204 1359 4269 Haud
1387 4225 1463 4271 raro
