3575 5334
404 691 443 749 12
920 695 1020 748 Clemur

402 868 540 933 inveniri
569 877 678 951 neget,
712 868 915 948 [ridi-pc-t-cr
943 870 1029 949 ipsos
1058 869 1078 929 i.
1102 887 1129 931 c.
1159 867 1278 948 patrios
1308 868 1520 930 Romanorum

400 964 481 1030 deos
496 965 688 1045 invocemus,
712 985 843 1045 quorum
861 983 976 1029 nomeu
993 985 1058 1028 nou
1073 965 1254 1046 derivamus
1269 984 1340 1027 cum
1356 963 1521 1043 Corsseuo,

403 1060 443 1127 de
474 1062 577 1127 Volsc.
607 1064 683 1144 ling.
712 1084 742 1144 p.
772 1068 816 1139 17,
847 1062 1001 1125 additam.
1031 1063 1097 1125 crit.
1129 1084 1159 1144 p.
1184 1065 1245 1123 254
1275 1082 1295 1126 a
1323 1062 1431 1126 radice
1463 1062 1521 1143 uplr

401 1162 453 1234 (cf.
482 1171 557 1242 nepo
580 1193 622 1211 =
643 1162 764 1241 ire-ipo,
801 1159 999 1239 iud-ip-r'ture
1031 1161 1222 1235 „invocare“
1256 1160 1332 1223 aliar
1365 1160 1423 1223 sed
1453 1179 1520 1223 cum

295 1324 298 1332 ,
401 1256 607 1337 Buechelero‚
631 1257 672 1322 de
689 1257 769 1321 decl.
790 1257 859 1319 Lat.
883 1263 949 1337 μῦ
972 1256 1115 1321 aradiee
1135 1278 1183 1335 pc,
1206 1277 1300 1337 quam
1323 1257 1427 1321 nasali
1452 1278 1521 1321 con-

400 1375 481 1419 sona
510 1354 754 1419 determinatam
784 1352 937 1417 exhibent
965 1354 1101 1434 priscum
1130 1354 1212 1418 illud
1240 1355 1371 1418 verbum
1399 1376 1520 1435 periore,

400 1454 522 1533 ire-peris
545 1452 578 1516 O.
603 1452 627 1515 Ι.
650 1452 685 1515 L.
710 1453 791 1532 clog.
816 1454 872 1530 20,
902 1451 1083 1531 r'rr-pen-u-S,
1113 1450 1344 1533 reduplicatam
1369 1457 1520 1532 ‚iupiter-e.

401 1550 433 1614 Si
451 1559 537 1615 recte
552 1549 743 1624 Loheckins,
768 1549 870 1630 paral.
887 1550 948 1611 308
965 1545 1106 1632 tympus,
1126 1548 1214 1629 'quod
1230 1548 1351 1613 habeut
1367 1548 1519 1614 Choerob.

400 1648 433 1710 in
457 1647 563 1711 Bckk.
585 1646 698 1710 anecd.
727 1648 807 1709 1188
830 1652 861 1709 et
879 1646 928 1709 Et.
944 1646 985 1708 M.
1002 1664 1026 1707 s.
1044 1665 1084 1723 ο,
1109 1664 1149 1709 ex
1171 1644 1206 1710 ἐν
1230 1646 1469 1728 praepositione
1491 1656 1521 1711 et

401 1763 419 1807 e
442 1745 539 1808 verbo
561 1748 740 1825 γίγνεσθαι
764 1743 905 1822 derivat,
931 1741 1018 1805 idem
1041 1743 1195 1823 estquod
1218 1743 1427 1822 iudi-po-t-es,
1454 1744 1521 1807 Pot-

400 1841 463 1905 tius
485 1849 596 1905 contra
619 1842 640 1904 l.
663 1842 684 1903 l.
709 1843 749 1902 22
772 1839 947 1904 secundum
970 1840 1077 1921 Apoll.
1101 1839 1142 1904 dc
1164 1861 1253 1922 pron.
1278 1844 1339 1904 330
1363 1840 1387 1904 C
1410 1839 1521 1926 i'yprsc

332 1976 338 1984 ,
400 1938 453 2015 (ct.
477 1938 627 2020 Hesych.)
656 1937 698 2001 ad
721 1938 851 2018 stirpem
881 1957 971 2018 prou.
994 1958 1049 1998 sva
1072 1945 1209 2002 revocat.
1258 1936 1323 2002 Sed
1346 1938 1426 2002 haec
1455 1958 1522 2019 per-

401 2035 492 2116 sequi
514 2056 534 2099 a
557 2036 719 2117 proposito
743 2035 883 2098 alienum
907 2041 964 2098 cst.

486 2131 564 2196 Cum
587 2133 682 2214 igitur
705 2132 937 2207 Doederliuus‚
965 2132 992 2196 si
1020 2133 1062 2197 ab
1084 2131 1245 2214 adjectivo
1272 2138 1379 2214 r'opeor
1408 2131 1524 2197 disces·

399 2230 495 2311 seris,
519 2230 609 2294 nulla
630 2230 692 2295 uisi
715 2229 872 2312 perdubia
894 2230 1043 2312 exempla
1064 2233 1206 2310 proferat
1228 2232 1259 2291 iu
1282 2229 1367 2310 quod
1389 2230 1526 2311 putabat

398 2326 566 2407 intensivi,
606 2326 814 2392 Hennickeus
847 2326 1067 2392 diversissima
1102 2347 1247 2408 quaeque
1281 2327 1370 2389 nullo
1399 2327 1525 2409 judicio

399 2424 483 2489 inter
505 2443 540 2489 se
562 2422 736 2488 contundat
758 2423 833 2488 hinc
854 2425 944 2488 illinc
965 2424 1109 2488 subsidia
1130 2432 1251 2506 petens,
1274 2430 1398 2488 tantum
1421 2425 1523 2506 abest,

399 2527 434 2585 ut
456 2528 632 2585 contortam
656 2520 726 2602 ejus
747 2521 1057 2601 argumentationem
1082 2541 1261 2602 sequamur,
1285 2529 1320 2585 ut
1345 2522 1416 2603 ipsi,
1440 2541 1525 2603 quae

400 2619 492 2683 nobis
516 2624 603 2681 recta
626 2636 696 2681 esse
715 2619 887 2700 explicatio
910 2619 1071 2699 videatur,
1096 2619 1236 2683 breviter
1251 2639 1466 2701 exponamus3
1489 2620 1523 2683 in

399 2735 461 2798 quo
484 2716 547 2779 duo
563 2714 760 2795 potissimum
782 2715 986 2780 observanda
1002 2723 1091 2796 sunt,
1113 2715 1249 2798 primum
1269 2717 1404 2798 praefixi
1427 2737 1525 2799 nega·

399 2813 456 2876 tivi
473 2819 505 2876 et
523 2811 768 2893 praepositionis
784 2811 963 2893 diversitas,
982 2812 1099 2878 deiude
1113 2813 1208 2877 unius
1223 2812 1376 2895 cujusque
1392 2815 1523 2896 linguae

399 2910 530 2992 propria
551 2907 676 2974 indoles
699 2928 737 2973 ac
765 2917 894 2986 natura,
925 2931 965 2976 ne
994 2910 1179 2975 Latinorum
1207 2917 1239 2975 et
1260 2909 1522 2976 Germanicorum

399 3007 618 3088 exemplorum
638 3006 857 3086 similitudine,
879 3008 954 3072 licet
976 3009 1076 3073 multa
1091 3009 1221 3073 saecula
1243 3008 1433 3090 interposita
1447 3008 1520 3088 sint,

326 3155 332 3164 .
399 3105 557 3169 fallamur.

483 3202 530 3267 Αο
552 3201 726 3285 praefixum
743 3202 872 3284 quidem
893 3203 1078 3283 negativum
1102 3223 1157 3264 oo-
1179 3203 1318 3266 omnium
1340 3203 1521 3284 linguarum

398 3294 734 3381 ludogermaniearum
768 3300 864 3363 variis
896 3299 1004 3365 formis
1038 3319 1206 3365 commune
1239 3306 1296 3364 ost.
1341 3300 1378 3363 lu
1411 3300 1523 3382 lingua

398 3396 483 3461 enim
506 3395 670 3460 Sauscrita
692 3418 726 3457 a·
741 3396 903 3461 invenitur
924 3404 1000 3461 ante
1023 3415 1190 3475 consonas,
1214 3418 1268 3458 αο-
1282 3403 1359 3461 autc
1380 3399 1520 3477 vocales,

398 3493 441 3558 ad
457 3493 542 3574 quod
557 3493 590 3556 in
606 3491 748 3557 Zendica
763 3514 796 3554 a·
812 3499 844 3557 ct
860 3513 924 3568 aa,
947 3494 981 3558 in
998 3495 1122 3560 Graeca
1138 3490 1176 3558 ἆ·
1194 3504 1225 3559 et
1248 3491 1315 3571 ἀν-,
1338 3495 1371 3558 iu
1388 3492 1473 3560 Osca
1488 3518 1522 3557 o-

398 3597 430 3655 et
446 3610 510 3667 aa,
532 3590 565 3653 iu
588 3589 767 3670 antiquiore
790 3589 872 3654 lrioa
892 3611 946 3652 mr-
969 3591 1114 3673 proxime
1136 3590 1268 3655 accedit.
1306 3592 1423 3656 Latina
1446 3612 1521 3657 vero

397 3688 509 3769 lingua
530 3688 577 3747 irr-
599 3685 746 3764 exhibct‚
777 3687 914 3752 Gothica
940 3708 1011 3765 aa,
1039 3695 1105 3752 aut.
1129 3688 1405 3764 (immanitatis,
1434 3688 1522 3754 unde

397 3803 456 3867 per
476 3783 668 3847 recentiores
691 3783 899 3848 Germanicas
921 3783 1076 3849 dialectos
1098 3786 1338 3851 usitatissimum
1360 3785 1442 3866 illud
1466 3807 1521 3848 urr-

397 3887 609 3963 propagatum
632 3885 690 3943 est.
734 3878 827 3958 Quod
849 3881 972 3945 vocalis
995 3902 1014 3942 u
1035 3880 1068 3945 in
1091 3889 1156 3946 tam
1179 3884 1287 3948 multis
1315 3882 1433 3965 linguis
1456 3903 1521 3949 ser·

397 3984 474 4041 vata
496 3986 554 4057 cst,
577 3976 611 4039 id
633 3984 778 4041 nontam
795 3975 1036 4058 significationis
1057 3981 1207 4061 gravitati
1229 3980 1433 4045 tribuendum
1449 4000 1521 4047 esse

397 4073 541 4156 ridetur,
570 4085 699 4157 propter
728 4094 822 4155 quam
846 4074 942 4139 etiam
971 4075 1004 4137 in
1033 4076 1106 4140 aliis
1128 4076 1293 4141 vocabulis
1317 4078 1480 4158 antiquius
1503 4100 1521 4139 a

397 4170 517 4236 servari
540 4189 600 4235 uec
621 4172 673 4235 vel
696 4171 729 4235 in
753 4192 770 4231 e
790 4170 843 4235 rel
867 4191 887 4231 o
907 4170 1021 4235 mutari
1043 4173 1190 4236 nonnulli
1212 4174 1399 4255 opinantur,
1424 4194 1519 4256 quam

398 4267 551 4333 finitimae
584 4287 745 4332 consonae
777 4268 892 4333 uasali.
937 4266 984 4333 Oi.
1013 4268 1154 4351 Curtius,
1188 4278 1229 4335 et.
1263 4272 1376 4337 Gracc.
1410 4272 1519 4336 elem.⁴
