3575 5334
328 673 390 735 132
821 667 962 724 Merzdorf

331 867 400 911 rum
434 846 575 922 (Renner
607 842 695 909 Stud.
727 843 742 906 l
776 848 790 905 l
825 843 991 906 133-235
1026 841 1041 904 I
1071 844 1090 902 2
1123 842 1237 910 1-62l
1270 836 1459 918 fragmentis

330 947 539 1025 cognoscatur
560 959 665 1022 neque
680 939 885 1022 Hippocratis
908 939 1000 1003 libris
1024 938 1241 1021 (Hippocratis
1261 942 1321 999 oet.
1345 934 1458 1000 medic.

331 1040 444 1122 fragm.
467 1038 517 1103 ed.
541 1038 705 1103 Ermerins
728 1036 791 1100 vol.
816 1036 840 1099 1.
868 1039 960 1113 1859)
990 1036 1090 1100 nimia
1111 1034 1192 1099 fides
1222 1032 1318 1098 tribui
1342 1032 1459 1097 debeat

331 1155 437 1218 neque
458 1144 596 1215 constet,
630 1134 735 1217 qualis
764 1133 959 1200 herodoteae
982 1132 1111 1198 dialecti
1142 1151 1283 1197 conexus
1311 1151 1384 1195 cum
1414 1150 1459 1195 re·

329 1234 469 1301 centiore
492 1232 571 1298 lado
602 1233 712 1312 fuerit,
743 1251 817 1294 num
848 1231 984 1296 fortasse
1007 1230 1164 1311 quaedam
1188 1248 1229 1293 ex
1252 1228 1392 1293 dialecto
1415 1236 1459 1293 at·

330 1334 394 1397 tica
416 1330 597 1396 Herodotus
626 1328 835 1410 assumpserit
864 1337 896 1394 et
926 1348 997 1393 cum
1027 1327 1183 1392 nonnulla
1211 1326 1278 1391 alia
1300 1325 1458 1408 ejusmodi

330 1430 409 1508 sint,
440 1429 481 1492 de
504 1427 618 1509 quibus
641 1432 760 1491 eertum
786 1425 943 1508 judicium
973 1424 1069 1491 hodie
1099 1433 1183 1491 stare
1206 1430 1362 1505 nequeat,
1393 1425 1459 1488 uni·

330 1545 455 1591 versam
479 1524 549 1605 ejus
572 1523 701 1588 dialecti
724 1523 867 1588 indolem
891 1534 923 1589 et
950 1529 1097 1588 naturam
1120 1520 1262 1587 nondum
1286 1541 1358 1585 cum
1381 1522 1458 1586 satis

329 1643 448 1705 magno
482 1621 696 1687 emolumento
730 1622 859 1685 tractari
893 1641 988 1704 posse
1018 1620 1123 1686 credo.
1175 1618 1307 1684 Summa
1341 1639 1393 1684 res
1426 1619 1458 1683 in

331 1720 506 1785 minoribus
539 1717 580 1781 de
612 1717 746 1782 diversis
779 1720 874 1783 rebus
909 1719 1149 1800 quaestionibus
1182 1723 1341 1796 versatur,
1376 1736 1458 1799 quae

267 1838 270 1843 ·
332 1818 476 1884 codicum
499 1815 655 1897 scriptura
677 1821 825 1880 accurate
840 1814 898 1880 sed
913 1836 978 1879 non
994 1816 1153 1882 serviliter
1175 1816 1347 1880 observata
1369 1815 1458 1879 item·

332 1934 394 1997 que
417 1914 530 1979 ceteris
553 1911 708 1990 lontibus,
739 1919 892 1993 quantum
916 1919 1038 1995 potest,
1062 1913 1227 1979 exhaustis
1249 1912 1377 1977 facilius
1399 1912 1457 1976 for·

331 2018 418 2077 tasse
441 2010 668 2093 expedientur,
691 2029 882 2091 quamquam
906 2030 1120 2092 unaquaeque
1141 2009 1208 2075 fere
1230 2028 1292 2087 res,
1315 2007 1351 2073 id
1374 2008 1457 2091 quod

332 2108 427 2174 etiarn
458 2108 500 2171 ad
529 2108 612 2171 hanc
641 2107 859 2189 quaestionem
888 2109 1043 2191 pertinet,
1072 2108 1238 2192 permultis
1267 2106 1382 2171 obruta
1412 2114 1458 2172 est

331 2204 588 2286 difficultatibus,
622 2211 656 2268 ut
686 2224 784 2286 saepe
818 2205 1003 2287 conjectura
1030 2207 1138 2288 potius
1172 2203 1332 2287 probabili
1363 2224 1456 2286 quam

332 2309 420 2368 certa
441 2301 719 2384 argumentatione
741 2303 880 2366 contenti
904 2322 976 2369 esse
1002 2304 1185 2369 debeamus.
1231 2302 1258 2365 Α
1283 2301 1457 2365 minoribus

332 2400 376 2466 ad
396 2400 522 2481 majora
544 2398 676 2463 ascendi
699 2398 795 2463 debet
818 2406 850 2463 et
876 2400 1011 2481 singulis
1037 2401 1132 2466 rebus
1161 2400 1379 2481 grammaticis
1401 2400 1458 2464 tali

332 2497 428 2561 modo
452 2495 635 2579 perquisitis
656 2503 688 2561 et
710 2497 889 2561 constitutis
918 2496 985 2562 fieri
1013 2517 1076 2561 non
1105 2504 1226 2579 potest,
1257 2497 1335 2578 quin
1358 2497 1457 2561 multo

334 2595 438 2659 verior
460 2593 654 2658 herodoteae
676 2594 806 2659 dialecti
831 2595 937 2676 imago
961 2597 1167 2677 exprimatur.

418 2691 516 2755 Tales
555 2692 837 2758 commentationes
876 2712 947 2756 oum
987 2693 1178 2774 multiplices
1215 2710 1287 2756 esse
1323 2691 1457 2774 possint,

333 2788 442 2870 magni
472 2788 625 2852 momenti
656 2807 726 2854 esse
755 2789 935 2855 existimari
966 2789 1143 2871 inquirere,
1178 2789 1338 2853 vocalium
1372 2787 1458 2871 apud

333 2885 531 2972 Herodotum
560 2903 729 2951 concursus
759 2886 887 2968 quando
924 2886 1125 2967 admittatur,
1163 2885 1293 2968 quando
1323 2892 1355 2950 et
1384 2906 1461 2967 quo·

333 2982 429 3048 modo
452 2981 598 3048 evitetur.

420 3082 468 3146 Ea
496 3080 638 3161 quaestio
668 3089 700 3144 et
728 3079 770 3144 ad
803 3101 951 3146 sonorum
983 3079 1159 3145 doctrinam
1190 3086 1221 3145 et
1249 3079 1292 3144 ad
1322 3081 1460 3145 vocabu·

335 3182 435 3247 lorum
458 3179 627 3245 flexionem
651 3178 802 3260 pertinet,
833 3186 867 3243 ut
889 3179 967 3243 satis
990 3178 1098 3242 mirari
1120 3198 1185 3242 non
1207 3177 1346 3260 possim,
1375 3177 1460 3259 quod

333 3279 440 3344 adhuc
472 3296 565 3343 nemo
599 3294 669 3338 eam
705 3277 813 3340 omnia
847 3276 1015 3358 amplexus
1052 3276 1210 3340 tractavit.
1248 3310 1288 3321 -
1326 3274 1460 3340 Veteres

333 3376 560 3458 grammaticos
594 3375 634 3440 de
666 3376 723 3440 tali
757 3374 946 3456 quaestione
978 3374 1012 3437 in
1041 3374 1224 3438 universum
1253 3372 1335 3435 nibil
1365 3371 1461 3436 tradi-

336 3470 437 3550 disse,
467 3470 524 3535 sed
557 3471 598 3536 de
626 3473 760 3553 singulis
782 3476 907 3536 tantum
933 3470 1043 3535 lormis
1066 3470 1185 3552 egisse,
1214 3489 1279 3533 non
1303 3467 1460 3550 estquod

335 3568 495 3632 miremur.
545 3568 609 3633 Sed
642 3570 767 3634 etiamsi
800 3569 893 3651 plura
930 3568 990 3632 hac
1024 3568 1065 3633 de
1098 3587 1133 3633 re
1166 3566 1265 3632 verba
1297 3566 1459 3641 fecissent,

336 3684 487 3745 magnum
515 3663 649 3728 fructum
677 3685 717 3730 ex
747 3664 793 3729 eis
821 3685 886 3729 non
917 3683 1113 3747 caperemus.
1158 3664 1370 3745 Antiquorum
1393 3664 1460 3745 qui-

336 3762 410 3826 dem
426 3762 514 3825 velut
529 3760 701 3844 Apollonii,
724 3760 900 3825 Herodiani
922 3762 1051 3842 regulas
1067 3769 1098 3826 et
1120 3768 1214 3826 notas
1238 3766 1330 3841 grato
1353 3762 1459 3825 animo

336 3877 463 3941 semper·
487 3858 632 3941 accipere
660 3864 691 3923 et
720 3857 891 3940 diligenter
921 3857 1122 3940 perpendere
1151 3858 1321 3939 debemus3
1353 3878 1460 3923 eorum

336 3962 442 4021 autem
466 3956 518 4037 qui
542 3954 582 4020 de
604 3955 750 4020 dialectis
779 3955 979 4037 potissimum
1008 3955 1192 4020 scribebant
1219 3956 1308 4020 velut
1330 3955 1460 4020 loannis

337 4052 561 4130 Grammatici,
593 4052 737 4132 Gregorii
760 4052 916 4116 Corinthii
939 4053 1020 4115 ratio
1043 4052 1171 4117 diversa
1194 4058 1251 4117 est.
1298 4052 1340 4117 Hi
1363 4053 1460 4135 magi·

336 4149 423 4214 stelli
446 4156 588 4214 veterum
611 4149 728 4231 scripta
755 4156 847 4213 tanta
876 4150 1082 4231 neglegentia
1105 4156 1137 4214 et
1165 4149 1349 4231 ignorantia
1379 4170 1460 4215 com·

336 4246 533 4327 pilaverunt,
567 4252 601 4308 ut
629 4245 689 4309 nisi
724 4264 915 4325 unaquaque
943 4247 1055 4327 regula
1089 4247 1243 4312 acerrime
1273 4248 1460 4312 examinata
