3575 5334
329 683 395 745 368
820 679 966 735 Beebstein

329 856 506 924 formandis
534 858 722 936 usurpatum
753 871 824 918 esse
852 853 947 918 certis
974 850 1102 917 indiciis
1131 852 1260 936 probari
1283 871 1396 935 posse,
1422 852 1452 916 in

331 956 433 1021 altera
461 953 558 1036 hujus
587 950 879 1033 disputatiunculae
907 956 1000 1034 parte
1027 950 1218 1015 videbimus.
1263 950 1322 1015 Oui
1345 948 1453 1015 suffixo

332 1061 502 1135 cognatum
531 1058 579 1115 θεῖ
607 1068 692 1119 mon,
730 1048 815 1130 quod
842 1046 885 1113 ad
914 1048 1118 1114 substantiva
1145 1048 1311 1113 abstracta
1343 1048 1400 1112 lat.
1424 1048 1453 1111 in

332 1170 415 1212 -mea
442 1147 612 1214 formanda
633 1146 821 1231 saepissime
843 1144 1030 1218 adhibetur:
1066 1164 1207 1226 urg-men,
1235 1142 1454 1230 *coquo-mou,

322 1247 510 1331 sarci-man,
534 1264 694 1307 cocu-mea
716 1244 768 1322 al.,
791 1262 875 1325 quae
897 1262 938 1308 ex
958 1241 1143 1325 *up-meac,
1165 1240 1386 1326 *acquumcno
1408 1249 1453 1307 ott.

332 1344 475 1430 profecta
503 1361 574 1408 osse
602 1342 748 1424 putanda
774 1360 839 1405 non
868 1348 952 1405 sunt.
997 1340 1120 1405 Eodem
1149 1339 1246 1421 igitur
1274 1340 1373 1406 modo
1395 1359 1454 1405 ren

332 1444 366 1506 in
388 1439 503 1507 suffixo
524 1450 611 1502 ento·
626 1458 700 1505 sose
713 1439 835 1504 habere
850 1457 976 1520 conseo,
998 1437 1116 1531 utnhoe
1137 1446 1209 1499 ento
1230 1438 1381 1519 quamvis
1402 1436 1455 1503 sul·

333 1539 396 1603 fixe
425 1547 491 1599 eot—
519 1543 689 1619 cognatum
711 1536 804 1619 quasi
825 1556 883 1601 suo
907 1536 983 1620 jure
1008 1535 1043 1600 in
1071 1534 1255 1599 nominibus
1283 1533 1455 1600 formandis

333 1638 374 1703 sit
394 1640 592 1717 usurpatum.

419 1732 492 1797 Jam
515 1729 558 1794 ad
580 1730 708 1812 singula
728 1730 887 1793 voeabula
910 1728 1129 1795 enumeranda
1150 1729 1388 1812 aggrediamur.

422 1832 451 1905 l)
483 1830 530 1893 Ac
557 1827 659 1909 primo
688 1828 758 1891 loeo
788 1831 951 1910 ponantur
971 1827 1104 1891 nomina
1125 1847 1145 1891 a
1165 1827 1274 1892 verbis
1306 1827 1453 1907 derivata,

215 2013 218 2017 ²
335 1945 417 2011 quae
439 1925 577 2010 plurima
598 1930 673 1990 sunt
694 1923 906 1989 substantiva.

418 2028 450 2101 a)
483 2025 511 2088 A
533 2022 642 2087 verbis
664 2021 791 2088 usitatis
813 2022 971 2085 oriuntur:

419 2121 549 2183 olianta:
570 2120 644 2185 fem.
659 2119 808 2184 vocabuli
823 2120 918 2181 cliens
940 2121 991 2195 (st.
1007 2118 1136 2198 oldut-t,
1160 2119 1202 2183 de
1223 2119 1315 2202 cujus
1338 2119 1453 2200 origine

335 2219 535 2284 dictumest.

410 2316 575 2401 fluentum,
599 2313 685 2397 quod
708 2315 847 2397 pertinet
868 2312 912 2377 ad
934 2312 1066 2378 verbum
1079 2312 1187 2398 fluere
1208 2317 1303 2396 (part.
1318 2312 1454 2398 fluent-t.
1505 2337 1507 2340 ·

421 2422 605 2494 unguentum
644 2411 687 2476 ad
727 2418 807 2494 part.
847 2429 952 2493 praes.
991 2421 1146 2491 uopueut·
1193 2410 1284 2475 verbi
1325 2429 1455 2493 unguere

335 2517 493 2595 spectans.
530 2510 632 2575 Aliter·
658 2510 782 2573 Pettius
805 2508 867 2583 (W.
893 2508 954 2587 111,
981 2510 1071 2588 422),
1104 2509 1158 2591 qui
1180 2517 1370 2590 unquentum
1392 2524 1455 2573 esse

335 2614 417 2692 part.
451 2606 647 2672 denominat.
684 2605 876 2672 substantivi
916 2626 1038 2687 unguen
1073 2605 1214 2687 judicat,
1253 2610 1289 2668 ut
1327 2624 1456 2685 unguen·

336 2715 399 2767 tum
422 2704 550 2785 proprie
572 2704 613 2769 sit
633 2724 684 2768 res
706 2704 840 2784 unpuiuc
861 2701 1011 2784 praedita
1036 2703 1088 2767 vel
1114 2703 1271 2767 instructa
1293 2702 1387 2779 (‚‚mit
1407 2702 1458 2767 fett

335 2799 537 2873 versohen‘b.
588 2799 677 2878 Quae
710 2799 899 2881 significatio
928 2798 1087 2881 quomodo
1120 2799 1152 2863 in
1182 2800 1242 2864 hoe
1270 2801 1457 2864 venabulum

336 2898 481 2981 quadret,
505 2898 583 2962 satis
604 2897 794 2979 intellegere
816 2917 880 2961 non
902 2916 1041 2980 possum.

420 2996 549 3057 silente:
578 2996 649 3059 leea
670 2996 768 3060 Laev.
792 3015 844 3077 ap.
868 2994 951 3058 Gell.
978 2997 1027 3075 19,
1051 2999 1085 3057 7:
1118 2991 1235 3075 adjeet.
1258 2994 1379 3059 silenta
1399 3013 1457 3058 non

336 3093 513 3177 putandum
544 3102 592 3158 θεῖ
624 3098 726 3158 neutr.
756 3092 838 3173 plur.
867 3098 948 3173 part.
979 3109 1083 3174 praes.
1116 3090 1207 3154 verbi
1239 3092 1345 3172 miore,
1379 3088 1457 3174 qnod

337 3199 386 3257 cst
406 3192 545 3262 silentiu,
578 3189 635 3255 sed
664 3198 766 3255 neutr.
795 3188 951 3271 adjectivi
972 3190 1100 3251 elenau
1123 3193 1292 3269 praeterea
1314 3209 1380 3253 non
1403 3188 1458 3254 usi·

337 3289 410 3369 tati,
441 3287 526 3370 quod
548 3287 645 3351 simili
668 3287 763 3350 modo
786 3306 856 3350 eum
879 3293 960 3367 part.
983 3286 1077 3347 oileus
1098 3284 1328 3350 eonferendum
1354 3295 1404 3353 est
1426 3304 1459 3351 ac

337 3386 436 3451 subet.
451 3384 609 3469 fluentum
631 3404 701 3448 cum
724 3391 804 3466 part.
819 3383 936 3469 stocos.

422 3481 455 3558 b)
479 3479 531 3544 Ad
553 3481 653 3546 verba
673 3481 827 3546 inusitata
848 3486 1012 3562 spectant:

423 3586 585 3661 arpentum
614 3577 663 3643 tcf.
687 3598 751 3643 osc.
774 3577 930 3660 erogaturi
949 3608 990 3629 =
1012 3577 1068 3641 lat.
1090 3576 1155 3641 abl.
1179 3584 1340 3659 arpentolz
1380 3578 1458 3661 ejus·

338 3675 410 3741 dem
427 3676 535 3758 stirpis
551 3681 647 3756 atque
661 3695 707 3756 gr.
724 3667 831 3755 ἀργός,
855 3670 1003 3755 ἄργυρος,
1020 3694 1080 3739 scr.
1096 3671 1248 3756 erp-unco
1270 3675 1459 3755 (candidus),

337 3768 482 3853 rap-otoo
504 3772 636 3851 (albus),
667 3774 722 3837 lat.
746 3792 844 3853 orpuo
867 3779 921 3836 ott.
952 3778 985 3835 et
1011 3770 1099 3837 idem
1122 3770 1208 3853 quod
1236 3792 1297 3837 sor.
1319 3770 1459 3855 rup'otam

338 3868 389 3942 (of.
413 3867 497 3933 Gurt.
527 3869 675 3951 grundz.⁴¹
704 3891 734 3952 p.
761 3873 848 3951 171);
880 3868 1009 3952 proprie
1036 3869 1260 3936 videturesse
1290 3876 1385 3953 part,
1414 3868 1460 3935 cui

338 3967 386 4032 vis
414 3966 513 4031 inest:
551 3966 736 4048 splendens.
782 3966 847 4044 (Sic
879 3966 1003 4032 Pettius
1033 3965 1083 4031 W.
1112 3966 1179 4046 III,
1208 3970 1288 4031 422:
1324 3986 1460 4049 „augen-

338 4062 514 4130 scheinlich
538 4061 589 4126 ein
611 4061 646 4126 in
668 4061 721 4127 die
738 4062 921 4128 vocalische
942 4062 1171 4128 a-deolination
1186 4070 1362 4131 versetates
1383 4068 1459 4147 part

338 4165 482 4244 praes.“;
504 4159 656 4243 Boppius,
680 4178 726 4240 gr.
750 4179 851 4243 comp.
875 4160 951 4242 111²,
975 4182 1005 4243 p.
1032 4164 1203 4238 torano.)

423 4258 565 4339 polenta:
597 4257 639 4321 ab
669 4256 781 4346 eadem
810 4256 910 4339 stirpe
940 4256 1068 4322 ductum
1098 4276 1169 4322 csse
1190 4256 1368 4325 Oorssenus
1395 4257 1458 4337 (11²,
