3575 5334
734 681 767 736 de
785 680 901 735 01919919
919 682 1072 736 1191909199.
1406 684 1468 745 167

341 856 419 917 nota
442 858 566 917 essent:
603 847 806 932 Εόττάμυνυς
834 850 868 915 19
897 852 944 915 111.
967 853 1218 936 phanagoriensi
1241 852 1336 932 (0.1.
1359 858 1466 941 2221),

343 947 482 1035 φεόγειν
511 948 561 1014 019
589 949 623 1012 111
651 948 698 1011 111.
726 947 927 1031 amphipolit.
950 950 1034 1013 91199
1060 969 1180 1015 annum
1208 953 1465 1018 trecentesimum

342 1044 639 1128 quinquagesimum
662 1050 793 1109 91191919
816 1044 862 1119 (O.
886 1044 911 1110 1.
934 1048 1041 1128 2008),
1065 1045 1107 1128 ἐμ
1129 1045 1256 1132 φάρεσι
1278 1051 1411 1130 λευκυῖς
1432 1055 1466 1119 19

341 1142 388 1206 111.
410 1142 544 1207 91911199
566 1142 690 1225 prienio
712 1139 800 1216 (Keil
822 1141 856 1204 in
878 1141 959 1206 Mus.
980 1143 1083 1208 Rhen.
1106 1145 1356 1225 19111111258)
1378 1149 1468 1215 item·

342 1258 403 1320 quc
426 1235 589 1304 Εόέλθων
613 1233 799 1324 Εόεργένης
820 1235 976 1320 (Districh
999 1240 1020 1305 1.
1038 1241 1082 1321 1.),
1106 1238 1203 1306 edroi
1224 1244 1257 1308 in
1280 1243 1326 1309 tit.
1350 1248 1467 1329 myoai.

342 1335 388 1406 (0.
404 1335 431 1399 Ι.
448 1338 555 1417 2909),
578 1353 663 1399 nunc
684 1333 857 1399 novissimo
873 1340 1017 1417 tempore
1031 1356 1074 1402 ex
1089 1340 1246 1422 ampliore
1260 1341 1308 1404 tit.
1324 1342 1425 1408 samio
1432 1346 1466 1421 ¹⁸)

342 1432 423 1498 haec
444 1432 617 1498 accedunt:
641 1427 775 1497 εὔνοιαν
791 1452 821 1495 v.
841 1434 871 1513 8,
894 1437 1000 1495 ταῦτα
1021 1454 1052 1498 v.
1072 1440 1120 1517 14,
1143 1432 1244 1501 odedu
1267 1458 1297 1502 v.
1316 1443 1365 1518 14,
1388 1438 1467 1504 ἑαυ-

341 1535 407 1593 τῶν
436 1550 467 1593 v.
491 1533 547 1610 20,
582 1524 698 1603 αότυῖς
730 1548 759 1591 v.
784 1531 834 1590 21.
865 1531 916 1592 27.
946 1533 1003 1611 28,
1037 1527 1159 1609 adroic
1187 1553 1217 1598 v.
1241 1537 1291 1598 29.
1342 1535 1465 1618 Itaque,

342 1646 534 1709 quamquam
557 1644 597 1690 99
623 1625 799 1706 9991911119,
829 1644 870 1690 ex
892 1645 956 1707 qua
979 1650 1014 1691 ευ
1038 1636 1069 1694 91
1091 1654 1129 1694 ευ
1156 1629 1203 1695 119
1231 1629 1298 1696 1919
1325 1631 1409 1697 19191
1431 1652 1466 1699 99

343 1724 495 1789 differunt
516 1730 551 1787 ut
573 1736 606 1787 εϊ
627 1728 659 1787 91
682 1746 729 1800 ει,
759 1736 793 1786 υῑ
814 1728 846 1788 91
869 1746 917 1801 υι,
947 1743 1024 1790 vera
1046 1745 1117 1792 esse
1140 1734 1246 1810 potest
1267 1764 1310 1774 —
1331 1729 1417 1812 quod
1439 1729 1466 1795 si

342 1828 405 1901 est,
450 1819 500 1884 his
533 1818 699 1883 vocalibus
731 1819 797 1884 1919
830 1821 1009 1902 promiscue
1040 1822 1237 1889 Herodotum
1271 1845 1361 1889 usum
1395 1844 1467 1891 esse

342 1916 546 1983 statuendum
575 1926 624 1985 est
651 1954 693 1964 —
721 1919 799 1984 mihi
826 1919 954 2002 quidem
988 1917 1094 1985 adhuc
1121 1942 1187 1987 non
1220 1922 1389 2005 probatum
1418 1928 1467 1988 est

343 2039 379 2080 ευ
407 2017 441 2079 19
471 2015 610 2081 01919919
636 2015 743 2081 ionica
770 2036 944 2097 numquam
976 2014 1167 2099 diphthongi
1200 2038 1333 2084 munere
1365 2018 1465 2101 fungi,

341 2118 536 2196 quapropter
558 2111 770 2179 differentiam
800 2114 883 2177 iuter
905 2136 941 2176 ευ
964 2118 996 2176 91
1019 2135 1054 2176 ευ
1077 2132 1142 2176 non
1169 2120 1235 2178 tam
1262 2115 1465 2197 phoneticam

342 2230 439 2293 quam
472 2209 750 2292 orthographicum
783 2209 881 2274 191999
914 2207 1089 2290 contendo,
1130 2230 1193 2291 qua
1226 2229 1267 2275 ex
1295 2231 1330 2276 re
1362 2213 1467 2278 elucet

341 2326 514 2390 numquam
546 2306 588 2372 de
620 2325 697 2371 vera
730 2306 884 2371 Herodoti
918 2305 1089 2387 scriptura,
1123 2307 1149 2371 si
1183 2307 1313 2371 omnino
1346 2314 1466 2373 certam

339 2406 485 2487 regulam
508 2402 785 2486 orthographicum
808 2403 869 2468 sibi
891 2402 1068 2485 proposuit,
1098 2410 1246 2469 constare
1268 2423 1372 2486 posse.
1415 2406 1466 2470 De

340 2502 449 2567 verbis
471 2500 600 2583 quidem
623 2520 751 2583 prorsus
774 2500 920 2582 despero,
950 2518 1021 2563 cum
1044 2499 1140 2564 stiam
1162 2499 1242 2563 iliud
1266 2524 1312 2578 ευ,
1335 2501 1426 2583 cujus
1449 2525 1465 2567 ε

340 2618 383 2664 ex
405 2622 427 2661 α
449 2604 559 2662 11911119
590 2603 639 2663 991
664 2598 752 2661 velut
782 2594 940 2680 εἰρώτευν
968 2596 1128 2661 interdum
1158 2616 1216 2679 per
1246 2621 1282 2661 ευ
1310 2597 1467 2662 scribatur

342 2693 504 2778 εἰρώτευν
532 2695 548 2758 I
572 2694 684 2769 15811)
704 2712 710 2722 ·
727 2692 792 2759 Sed
824 2694 857 2757 in
887 2693 1001 2759 ceteris
1029 2691 1139 2758 formis
1165 2693 1322 2758 nonnulla
1350 2695 1466 2761 certius

334 2784 469 2857 definiri
492 2797 634 2874 possunt,
657 2791 691 2855 in
714 2790 827 2872 quibus
843 2792 868 2855 si
884 2792 990 2855 minus
1006 2789 1169 2871 Herodoti,
1192 2796 1300 2857 tamen
1322 2791 1465 2857 codicum

339 2896 462 2955 certam
485 2887 646 2969 quandam
668 2888 812 2969 regulam
839 2888 1118 2974 orthographicum
1146 2886 1282 2954 19119999
1303 2888 1375 2969 quis
1397 2908 1468 2972 per·

339 2986 467 3071 spiciat.
511 2984 549 3047 Iu
577 2990 667 3050 textu
695 2984 868 3049 1191909199
897 3003 1070 3066 numquam
1099 3009 1135 3048 ευ
1166 3004 1223 3066 pro
1253 3009 1289 3050 ευ
1320 2985 1468 3050 scribitur

433 3087 461 3161 1)
484 3081 518 3145 in
540 3081 689 3163 genetivo
712 3080 883 3162 singularis
906 3082 1050 3164 stirpium
1073 3081 1106 3144 in
1131 3102 1151 3145 υ
1173 3081 1356 3145 exeuntium
1378 3083 1467 3147 velut

339 3179 455 3255 εἴδεος
489 3179 505 3243 Ι
535 3181 563 3243 8.
601 3179 670 3242 196.
706 3179 782 3260 199,
825 3174 927 3253 ἔπεος
956 3177 971 3240 Ι
1003 3180 1039 3241 13
1073 3178 1120 3241 111
1149 3181 1187 3240 51
1218 3182 1250 3241 91
1278 3183 1355 3258 999,
1394 3197 1466 3242 raro

335 3284 466 3343 tantum
496 3273 622 3340 codices
649 3275 815 3353 aberrant,
849 3280 883 3337 ut
912 3271 1043 3335 AB¹Cd
1070 3273 1098 3336 V
1121 3276 1179 3353 92,
1209 3275 1228 3335 2
1254 3268 1466 3355 Ἐχεκράτευς

330 3373 519 3546 εθιΊῙΗ21111111
532 3488 606 3551 gen.
622 3468 703 3550 sing.
717 3467 861 3550 stirpium
877 3466 912 3530 in
927 3491 945 3530 υ
962 3464 1145 3531 exeuntium
1161 3459 1282 3541 ἄστεος
1292 3465 1317 3530 -Ι
1328 3468 1368 3530 62
1382 3466 1467 3542 (bis).

337 3618 550 3631 ......--—--

414 3702 448 3764 ¹⁸)
465 3698 538 3753 edito
556 3712 573 3751 9
590 3696 620 3751 0.
638 3694 733 3751 Curtio
752 3696 919 3758 „Urkunden
935 3710 985 3748 zur
1000 3694 1163 3749 Geschichte
1180 3711 1232 3750 von
1245 3695 1357 3751 Semos“
1375 3696 1468 3751 Wesel

337 3784 420 3836 1819.
455 3779 554 3833 Editor
570 3778 662 3832 hocce
677 3775 819 3830 9989111119
836 3775 975 3844 proprium
991 3774 1077 3829 fuisse
1095 3775 1238 3843 existimat,
1256 3775 1328 3845 quod
1346 3776 1469 3846 equidem

333 3875 399 3916 non
417 3858 612 3923 concesserim,
639 3872 701 3911 cum
725 3870 758 3909 99
782 3854 916 3924 scriptura
937 3854 966 3907 in
989 3855 1082 3909 samiis
1103 3855 1191 3910 titulis
1216 3871 1304 3924 neque
1327 3857 1392 3911 solis
1419 3856 1467 3923 (91.

333 3939 467 4009 exemplu
483 3938 577 4003 911919)
594 3951 682 4006 neque
699 3934 822 3990 omnibus
846 3934 891 3998 (91.
910 3934 1058 3989 secundum
1075 3935 1116 3988 tit.
1136 3950 1201 3989 sam.
1219 3950 1236 3989 9
1254 3936 1349 3990 curtio
1367 3936 1469 3990 editum

363 4062 370 4075 .
388 4025 414 4085 8)
432 4022 529 4073 exstet.

328 4033 360 4089 l
415 4099 448 4166 ¹⁹)
469 4097 721 4167 Monosylleborum
738 4096 897 4161 verborum,
918 4109 988 4164 quae
1005 4092 1141 4158 dicuntur,
1162 4093 1265 4148 1911999
1285 4108 1336 4161 per
1353 4110 1381 4144 ευ
1399 4092 1469 4146 9911·

328 4184 407 4247 litos
424 4194 480 4234 non
496 4178 560 4232 novi
577 4178 606 4231 in
622 4175 754 4232 Herodoti
770 4176 855 4242 libris,
880 4175 928 4230 sed
945 4178 1054 4227 νεῦνεαι
1070 4174 1168 4242 legitur
1184 4172 1213 4225 in
1230 4171 1265 4225 fr.
1283 4172 1361 4241 phys.
1380 4175 1396 4225 8
1415 4175 1470 4240 (ap.
