3575 5334
331 687 393 749 438
847 689 935 745 Cauer

332 870 418 930 recta
433 862 486 927 via
508 861 729 928 aberraverint
750 862 784 925 in
807 862 908 926 altero
929 867 1128 942 argumento,
1152 880 1215 942 quo
1238 860 1451 928 demonstrare
1496 864 1500 872 ’

332 960 520 1027 studuerunt
540 958 705 1024 Atthidem
727 961 872 1024 consulto
896 964 928 1023 et
949 958 1065 1023 acriter
1089 958 1131 1022 ab
1153 957 1233 1024 Iade
1254 967 1452 1042 segregatam

332 1077 413 1126 esse.
457 1070 531 1123 nam
555 1079 574 1138 η
598 1056 740 1121 ionicam
763 1076 804 1122 ex
827 1056 978 1138 analogia
997 1054 1142 1121 Aeolidis
1165 1062 1197 1122 et
1217 1056 1350 1123 Doridis
1375 1066 1452 1123 retro

331 1157 364 1221 in
394 1160 415 1219 ᾶ
444 1159 599 1219 mutatam
629 1173 715 1236 esse,
745 1159 780 1217 ut
808 1153 856 1217 illi
885 1154 1072 1235 voluerunt,
1105 1171 1210 1233 neque
1238 1172 1298 1236 per
1327 1174 1364 1220 se
1392 1155 1453 1221 veri

332 1253 436 1319 simile
475 1258 523 1317 est
556 1268 660 1334 neque
693 1250 767 1316 ullis
799 1250 957 1332 exemplis
988 1270 1029 1316 ex
1061 1250 1302 1332 antiquissima.
1321 1250 1453 1317 dialecto

332 1351 440 1416 Attica
467 1348 576 1433 petitis
603 1347 823 1429 confirmatur,
853 1345 938 1429 quod
966 1366 1064 1430 supra
1091 1347 1235 1430 pluribus
1264 1349 1377 1414 verbis
1408 1369 1454 1415 ex·

333 1446 462 1532 plicavi.
507 1452 618 1511 contra
642 1447 738 1511 Iones
767 1443 872 1510 studio
902 1443 1021 1527 dina
1050 1442 1195 1509 mutandi
1224 1445 1266 1509 ab
1297 1464 1336 1510 eo
1366 1453 1454 1525 statu,

334 1545 438 1627 quem'
451 1543 626 1625 antiquitus
651 1561 722 1607 cum
738 1542 852 1606 Atticis
877 1560 1077 1607 communem
1099 1547 1279 1623 tenuerant,
1302 1544 1454 1626 paulatim

332 1641 460 1725 longius
490 1658 586 1720 quam
614 1638 673 1703 hos
702 1637 851 1704 seductos
880 1657 952 1704 esse
973 1659 1043 1704 cum
1074 1644 1302 1722 permaturum
1329 1640 1455 1724 linguae

332 1739 401 1803 veri
423 1737 496 1821 plus
512 1755 606 1817 quam
622 1735 727 1800 simile
743 1742 800 1817 est,
823 1743 889 1800 tum
913 1736 1006 1801 certis
1022 1735 1220 1801 documentis
1243 1736 1456 1821 epigraphicis

333 1833 545 1900 confirmatur.
604 1852 680 1897 uam
718 1833 914 1897 Ermanus
935 1833 1190 1912 dissertatione,
1229 1852 1326 1914 quam
1365 1855 1456 1919 supra

332 1932 396 1996 iam
425 1928 572 2011 laudavi,
607 1928 669 2007 ,de
698 1929 862 1993 titulorum
891 1930 1071 2018 lonicorum
1106 1928 1264 1995 dialecto“
1294 1930 1398 2008 (Stud.
1422 1932 1455 2013 V,

334 2049 364 2111 p.
395 2030 457 2091 249
480 2030 560 2108 sqq.)
598 2027 738 2093 ostendit
774 2027 998 2110 inscriptiones
1031 2025 1233 2091 Chalcidicas
1272 2029 1392 2109 partim
1427 2029 1456 2092 in

333 2125 465 2190 Euboea
487 2123 603 2207 partim
625 2124 659 2188 in
682 2124 816 2190 coloniis
839 2124 990 2189 Euboicis
1012 2125 1150 2205 Magnae
1173 2123 1330 2190 Graeciae
1356 2146 1457 2210 reper-

332 2229 383 2289 tas
413 2222 584 2287 dialectum
617 2221 773 2304 praebere
805 2221 889 2286 inter
917 2219 1029 2286 ladem
1057 2227 1089 2286 et
1116 2220 1280 2287 Atthidem
1309 2223 1457 2304 quodam·

333 2319 430 2384 modo
448 2318 480 2383 in
497 2318 603 2384 medio
626 2318 763 2402 positam
770 2318 814 2393 ²⁹).
852 2318 941 2383 cuius
962 2318 1007 2384 rei
1023 2326 1213 2401 argumenta
1226 2320 1319 2383 illum
1335 2328 1457 2385 secutus

334 2417 475 2483 breviter
497 2416 670 2499 adscripsi:
704 2413 907 2497 Λυσαγόρας
931 2422 962 2481 et
978 2411 1107 2491 Ἐσνέας
1128 2417 1161 2480 in
1184 2417 1316 2483 laminis
1331 2418 1457 2501 Styren·

334 2514 422 2581 sibus
436 2514 653 2595 (Lenormant,
673 2514 732 2578 Rh.
746 2514 825 2578 Mus.
846 2516 896 2592 22,
913 2515 1108 2595 p.276sqq.,
1125 2518 1247 2596 111.52),
1270 2514 1339 2580 'duo
1356 2534 1456 2581 exem·

333 2610 390 2693 pla
411 2635 432 2673 α
448 2630 548 2694 purae
570 2617 717 2676 servatae
739 2617 850 2675 contra
865 2609 1032 2676 duodecim
1054 2610 1088 2673 in
1116 2610 1239 2675 eisdem
1254 2611 1387 2677 laminis
1409 2632 1457 2698 ex·

335 2706 463 2788 stantia,
485 2706 648 2789 inquibus
672 2727 711 2773 ea
732 2706 765 2771 in
781 2730 799 2790 η
815 2714 939 2772 mutata
963 2714 1021 2773 est.
1057 2707 1190 2789 accedit,
1214 2708 1301 2790 quod
1316 2712 1357 2771 H
1368 2710 1457 2775 litera

334 2803 368 2867 in
392 2802 443 2869 his
464 2803 725 2886 inscriptionibus
747 2824 920 2886 numquam
942 2829 961 2888 η
980 2805 1125 2869 vocalem
1147 2805 1206 2871 scd
1227 2825 1357 2889 semper
1372 2806 1456 2890 spiri-

335 2907 402 2965 tum
435 2918 584 2983 asperum
618 2900 792 2983 significat:
834 2895 1050 2984 Ἡγαμονεύς,
1071 2895 1273 2984 ‘tantona
1307 2897 1456 2988 Ὁμήριος

335 2998 544 3073 (Lenormant
583 3003 720 3076 tto-58).
775 3018 879 3080 neque
916 2999 1011 3065 aliter
1049 2999 1082 3063 in
1123 2999 1224 3065 titulis
1261 3002 1455 3066 coloniarum

284 3142 286 3147 .
335 3094 590 3161 Chalcidicarum
620 3095 751 3179 spiritus
773 3114 869 3178 asper
893 3115 1020 3178 semper
1039 3115 1097 3179 per
1119 3099 1157 3158 H
1177 3097 1315 3179 scriptus
1337 3105 1402 3166 est:
1425 3093 1456 3174 ὅς

333 3193 367 3257 in
395 3193 489 3257 titulo
512 3191 654 3257 Cumano
683 3193 718 3257 Ο.
741 3192 762 3256 i.
786 3194 840 3259 Gr.
864 3195 965 3269 8337,
988 3204 1012 3257 2.
1054 3186 1246 3276 Ἱππολύτη,
1272 3189 1455 3275 Ἱπ[π]αῖος,

334 3288 479 3368 inlatos,
501 3283 662 3372 Ἡρακλῆς
683 3292 718 3354 in
740 3290 1001 3372 inscriptionibus
1022 3309 1171 3354 vasorum
1195 3290 1228 3355 O.
1251 3291 1273 3355 i.
1293 3291 1348 3356 Gr.
1367 3296 1467 3367 7381.Ι

335 3390 427 3451 7459.
452 3390 545 3451 7460.
581 3386 665 3468 quod
686 3388 800 3469 siquis
821 3393 915 3470 putat
940 3387 1052 3450 horum
1069 3388 1289 3470 exemplorum
1305 3407 1354 3465 ea,
1379 3408 1456 3473 quac

335 3507 538 3516 -—-—--—

404 3553 436 3615 29)
460 3568 483 3605 v.
507 3554 525 3605 l.
543 3552 561 3604 l.
581 3555 630 3605 276
646 3568 685 3619 sq.
710 3556 769 3606 281.
794 3557 852 3607 310.
886 3553 1023 3608 Ermanus
1047 3552 1098 3607 etsi
1118 3553 1236 3608 breviter
1259 3557 1368 3610 tantum
1389 3557 1456 3611 hanc

335 3631 520 3701 quaestionem
537 3632 677 3695 tractavit,
702 3636 791 3687 tamen
810 3649 865 3687 non
883 3633 976 3689 dubito
995 3634 1140 3702 quiritem
1157 3640 1239 3702 atque
1257 3650 1306 3704 ego
1324 3637 1457 3705 putaverit

335 3713 467 3780 singulari
482 3710 531 3778 illi,
548 3727 628 3779 quam
644 3712 755 3777 notavit,
769 3718 887 3767 naturae
900 3712 1010 3769 dialecti
1022 3714 1163 3769 Euboicae
1180 3706 1278 3769 munus
1298 3716 1457 3772 conciliandi

334 3793 405 3847 inter
414 3791 552 3845 Atthidem
563 3797 589 3845 et
598 3791 691 3846 Iadem
702 3793 876 3847 tribuendum
889 3810 956 3849 esse.
982 3809 1046 3850 nam
1059 3794 1132 3863 quod
1149 3793 1203 3850 alio
1221 3795 1282 3850 loco
1300 3800 1338 3865 (p.
1349 3802 1400 3852 290
1409 3802 1457 3867 sq.)

335 3873 415 3926 docet
431 3872 460 3923 in
479 3872 665 3926 contractione
680 3873 814 3927 vocalium
825 3874 971 3930 dialectum
982 3876 1133 3931 Euboicam
1151 3875 1234 3929 etiam
1250 3875 1361 3944 longius
1379 3894 1456 3946 quam

333 3951 463 4021 reliquam
480 3951 572 4006 ladem
593 3952 628 4006 ab
646 3952 759 4007 Atthide
781 3953 896 4020 distare,
919 3957 971 4011 hoc
994 3956 1024 4009 in
1046 3961 1101 4010 tam
1124 3955 1220 4024 exiguo
1238 3971 1351 4013 numero
1369 3974 1456 4013 exem·

334 4032 441 4100 plorum
458 4033 523 4096 (tres
542 4031 613 4086 enim
631 4038 695 4086 sunt
712 4031 814 4088 formae
827 4050 882 4088 non
898 4039 1055 4090 contractae
1068 4042 1163 4090 contra
1175 4051 1259 4090 unam
1277 4043 1455 4102 contractam)

335 4128 389 4166 non
411 4112 526 4165 multum
547 4112 618 4166 valet
640 4128 727 4181 neque
746 4116 911 4184 sententiae,
937 4131 1017 4184 quam
1039 4131 1123 4184 supra
1147 4118 1273 4185 exposui,
1298 4118 1455 4187 refragatur,

335 4191 461 4259 quoniam
486 4207 536 4260 per
558 4207 588 4247 se
613 4193 824 4261 exspectandum
851 4198 910 4249 erat
931 4195 1116 4250 mediatricem
1141 4197 1256 4251 duarum
1282 4198 1455 4254 dialectorum

334 4268 502 4324 diversarum
518 4272 598 4327 modo
616 4271 698 4326 unius
715 4273 794 4327 modo
813 4275 924 4329 alterius
942 4276 1096 4330 similiorem
1113 4275 1180 4331 iore.
