3575 5334
759 701 792 757 dc
810 702 891 770 alpha
909 702 1049 757 intensive.
1110 769 1122 786 χ
1416 700 1456 762 35

329 873 499 940 Helvetica
510 892 580 938 cnm
597 872 760 957 adjectiva
775 880 841 937 tum
857 875 1073 939 substantiva:
1089 895 1230 957 carpocra,
1248 874 1379 953 Unlrind,
1396 874 1459 937 Un-

329 971 402 1049 lvolz,
431 970 572 1048 Unmonl,
600 970 731 1048 Undosa,
758 970 926 1054 Unscltues
943 977 1160 1055 (permagnus,
1183 992 1319 1054 magnus
1340 973 1458 1053 inians,

329 1089 452 1151 magna
481 1087 595 1150 vacca,
626 1089 667 1132 m.
691 1088 736 1148 os,
766 1089 807 1132 m.
830 1089 945 1150 nasus,
973 1090 1015 1133 m.
1042 1070 1122 1136 ovisl
1152 1069 1227 1134 alia.
1271 1069 1397 1134 Similia
1424 1070 1458 1134 in

330 1165 403 1231 aliis
432 1184 558 1248 quoqne
587 1164 734 1230 dialectis
763 1166 964 1232 Germanicis
991 1166 1207 1233 inveniuntur.
1251 1167 1317 1232 Sed
1350 1174 1460 1231 utcun-

331 1283 394 1346 que
416 1264 499 1328 haec
521 1282 556 1327 se
578 1262 713 1344 habent,
743 1264 806 1327 dno
829 1269 915 1329 certe
937 1264 1072 1329 evicisse
1093 1264 1187 1329 nobis
1209 1263 1369 1345 videmur,
1397 1264 1459 1347 pri·
1479 1265 1484 1274 ’

331 1381 417 1426 mum
466 1360 692 1443 composita
735 1360 976 1427 Germanica
1019 1360 1120 1441 qnae
1165 1361 1213 1427 ab
1256 1381 1303 1423 cn
1345 1380 1459 1444 prae-

333 1458 416 1522 fixo
454 1457 661 1540 incipiunt
703 1477 782 1521 una
824 1456 1116 1540 comprehendi
1159 1458 1459 1540 explicatione,

332 1575 415 1619 cum
439 1553 542 1619 idem
565 1554 793 1637 sempersit
814 1554 1045 1637 praefixum
1068 1556 1316 1638 negativum,
1340 1553 1461 1620 deinde

332 1651 425 1718 huic
454 1651 504 1715 ab
535 1651 656 1716 initio
679 1652 884 1717 notionem
913 1651 1160 1734 intensivam
1189 1653 1342 1716 nullam
1368 1651 1460 1717 sub·

332 1769 431 1815 esse.
477 1747 568 1826 Quae
597 1749 625 1813 si
654 1755 740 1814 recto
769 1747 934 1831 disputata
959 1755 1049 1830 sunt,
1079 1771 1145 1815 non
1172 1750 1275 1832 magis
1304 1769 1322 1814 e
1350 1756 1458 1814 nostro

332 1868 372 1910 cc
402 1867 499 1929 quam
528 1866 569 1912 ex
597 1846 713 1911 Latino
742 1846 774 1907 ic
803 1843 1019 1927 colligendum
1051 1853 1099 1912 est
1133 1847 1325 1913 Graecorum
1359 1846 1462 1929 alpha

333 1944 546 2022 intensivum,
575 1950 610 2008 ut
633 1942 863 2023 Doederlinns‚
894 1942 1118 2025 Hennickeus‚
1148 1945 1271 2009 Pettius
1292 1944 1348 2009 alii
1370 1944 1460 2009 volu-

333 2048 434 2123 erunt,
458 2040 501 2105 ad
523 2040 622 2124 alpha
644 2040 837 2123 p1ivativum
859 2039 973 2104 redire.
1013 2039 1106 2105 desi
1128 2041 1282 2125 pleraque
1301 2040 1462 2106 vocabula

334 2139 448 2220 quibus
470 2137 664 2202 intensivum
693 2135 870 2221 praefixum
892 2137 1093 2218 assignatum
1116 2142 1164 2202 est
1197 2136 1281 2201 inira
1309 2142 1415 2202 tamen
1439 2155 1460 2201 a

332 2236 483 2319 negative
498 2234 640 2317 incipere
659 2233 843 2316 viderimus,
867 2233 941 2297 huic
955 2253 1045 2298 suam
1067 2233 1231 2299 notionem
1246 2252 1372 2316 semper
1393 2234 1460 2299 fere

333 2333 466 2398 subesse
493 2330 734 2414 intellegemus,
769 2331 846 2395 licet
873 2337 909 2394 ut
930 2330 1014 2396 inter
1038 2331 1138 2396 Indos
1160 2336 1193 2395 ct
1215 2330 1393 2395 Germanos
1414 2330 1462 2395 ita

333 2430 415 2495 inter
443 2428 504 2493 hes
532 2435 563 2493 et
593 2428 732 2493 Graecos
766 2448 841 2493 usus
872 2427 1031 2510 quaedam
1065 2426 1242 2493 similitudo
1270 2425 1459 2492 intercedat.

334 2528 477 2609 Linguae
500 2532 606 2591 autem
628 2526 808 2591 accuratius
831 2525 1048 2608 comparantis
1070 2532 1205 2589 estnon
1233 2526 1347 2604 solum,
1377 2543 1460 2605 quae

334 2623 516 2689 communia
552 2623 616 2687 sint
658 2622 890 2705 compluribus,
935 2615 1086 2687 enarrare
1127 2621 1183 2686 sed
1227 2621 1325 2685 etiam
1368 2640 1459 2685 suam

334 2722 448 2804 cuique
495 2720 633 2786 sermoni
683 2718 826 2784 indolem
869 2718 1009 2784 tribuere
1057 2738 1096 2784 ac
1149 2725 1307 2783 naturam.
1371 2718 1460 2783 Haec

333 2819 415 2885 inter
448 2837 484 2883 sc
518 2818 666 2882 misceret
698 2817 752 2898 qui
782 2836 800 2881 e
835 2814 1068 2881 Germanorum
1101 2814 1333 2882 consuetudine
1362 2816 1460 2880 Grae·

334 2935 441 2980 corum
479 2915 578 2979 vellet
620 2934 685 2978 non
730 2913 918 2978 dissimilem
953 2934 1045 2979 usum
1085 2914 1256 2979 illustrare.
1310 2912 1383 2976 Jam
1421 2931 1459 2976 eo

332 3018 532 3078 revertamur
571 3009 658 3075 unde
696 3014 739 3092 (p.
770 3014 801 3084 8)
845 3011 976 3092 profecti
1014 3030 1139 3092 sumus,
1183 3019 1216 3076 et
1251 3010 1386 3074 alteram
1422 3009 1459 3072 il·

333 3111 397 3174 lam
428 3107 676 3191 explicationem
712 3107 933 3172 examinemus
972 3126 1035 3187 qua
1069 3107 1244 3172 seeundum
1271 3106 1459 3189 Benieyum‚

332 3207 524 3286 lubiorum,
557 3205 766 3270 Kuehnerum
798 3204 899 3286 alpha
930 3205 1123 3268 intensivum
1152 3223 1170 3268 e
1199 3202 1381 3285 copulative
1413 3223 1459 3266 or-

332 3312 398 3369 tum
422 3308 482 3367 est.

417 3398 616 3480 Hartungius
639 3398 693 3480 qui
715 3397 835 3479 primus
857 3396 942 3461 hano
964 3395 1148 3478 explicandi
1175 3396 1261 3461 viam
1286 3396 1358 3460 iniit
1379 3396 1458 3481 phy-

333 3498 400 3563 sica
429 3497 519 3579 quasi
550 3494 776 3578 observatione
808 3513 884 3559 usus
916 3493 1110 3558 intensivum
1143 3493 1322 3574 notionem,
1356 3494 1382 3559 si
1415 3495 1459 3560 ad

331 3614 483 3661 sensuum
505 3592 743 3676 perceptionem
766 3597 942 3672 revocetur,
965 3591 1046 3656 nihil
1068 3590 1249 3657 aliudesse
1271 3591 1340 3655 vult
1362 3611 1459 3673 quam

333 3690 602 3775 compressionem
636 3688 798 3772 quandam
833 3708 937 3754 rernm
978 3689 1030 3753 vel
1067 3687 1216 3754 artiorem
1252 3688 1286 3753 in
1320 3689 1458 3755 eundem
1533 3727 1537 3733 -

332 3790 436 3855 locum
466 3787 733 3871 conjunctionem.
778 3786 840 3867 Sic,
869 3785 989 3867 inquit,
1019 3790 1051 3849 ct
1077 3785 1150 3868 ipsa
1176 3804 1211 3850 re
1234 3792 1266 3851 et
1288 3806 1345 3848 coo
1368 3808 1458 3871 prac-

334 3886 503 3969 positienis
532 3883 683 3965 analogia
705 3883 855 3965 cogimur,
885 3888 919 3945 ut
948 3882 1048 3966 alpha
1075 3882 1269 3948 intensivum
1298 3891 1330 3949 et
1359 3885 1459 3966 alpha

336 3983 552 4067 copulativum
574 3979 661 4045 idem
684 3999 754 4045 esse
776 3987 962 4046 statuamus.
1007 3980 1073 4045 Sed
1098 3986 1244 4045 neutrum
1267 4000 1376 4045 verum
1400 3986 1458 4043 est.

336 4078 501 4147 Vocabula
546 4077 630 4144 enim
671 4097 709 4143 ea
753 4098 835 4159 quae
868 4079 910 4143 ab
947 4076 1046 4160 alpha
1082 4078 1264 4160 copulative
1300 4075 1459 4160 incipiunt

337 4178 519 4259 primariam
543 4194 669 4258 semper
698 4174 962 4257 significationem
991 4179 1123 4240 servant
1151 4173 1328 4257 particulae
1349 4193 1393 4250 co,
1423 4176 1457 4233 ut

338 4273 496 4342 Senserite
521 4280 628 4338 sonat:
653 4269 803 4358 ἀδελφός
826 4279 874 4339 est
897 4292 936 4337 ex
960 4271 1072 4337 eodem
1095 4276 1184 4335 utero
1207 4275 1311 4349 natus,
1334 4264 1457 4352 ἄολλής

1216 4370 1253 4421 3*
