<?xml version="1.0" encoding="UTF-8"?>
<!DOCTYPE html PUBLIC "-//W3C//DTD XHTML 1.0 Transitional//EN"
    "http://www.w3.org/TR/xhtml1/DTD/xhtml1-transitional.dtd">
<html xmlns="http://www.w3.org/1999/xhtml" xml:lang="en" lang="en">
 <head>
  <title>
</title>
<meta http-equiv="Content-Type" content="text/html;charset=utf-8" />
  <meta name='ocr-system' content='tesseract 3.04.00' />
  <meta name='ocr-capabilities' content='ocr_page ocr_carea ocr_par ocr_line ocrx_word'/>
</head>
<body>
  <div class='ocr_page' id='page_1' title='image "./studienzurgriec00curtgoog_0049.png"; bbox 0 0 3575 5334; ppageno 0'>
   <div class='ocr_carea' id='block_1_1' title="bbox 756 661 1463 731">
    <p class='ocr_par' dir='ltr' id='par_1_1' title="bbox 756 661 1463 731">
     <span class='ocr_line' id='line_1_1' title="bbox 756 661 1463 731; baseline 0.003 -16"><span class='ocrx_word' id='word_1_1' title='bbox 756 661 789 715; x_wconf 89' lang='lat' dir='ltr'>dc</span> <span class='ocrx_word' id='word_1_2' title='bbox 806 662 888 731; x_wconf 88' lang='lat' dir='ltr'>alpha</span> <span class='ocrx_word' id='word_1_3' title='bbox 906 662 1047 717; x_wconf 86' lang='lat' dir='ltr'>intensive.</span> <span class='ocrx_word' id='word_1_4' title='bbox 1423 666 1463 728; x_wconf 80' lang='grc'>39</span> 
     </span>
    </p>
   </div>
   <div class='ocr_carea' id='block_1_2' title="bbox 328 832 1464 4321">
    <p class='ocr_par' dir='ltr' id='par_1_2' title="bbox 333 832 1464 2767">
     <span class='ocr_line' id='line_1_2' title="bbox 340 832 1464 921; baseline 0.006 -23"><span class='ocrx_word' id='word_1_5' title='bbox 340 832 517 915; x_wconf 80' lang='lat' dir='ltr'>positiones</span> <span class='ocrx_word' id='word_1_6' title='bbox 545 832 710 916; x_wconf 84' lang='lat' dir='ltr'>permultis</span> <span class='ocrx_word' id='word_1_7' title='bbox 740 833 905 899; x_wconf 89' lang='lat' dir='ltr'>vocabulis</span> <span class='ocrx_word' id='word_1_8' title='bbox 933 835 1066 901; x_wconf 78' lang='lat' dir='ltr'>subesse</span> <span class='ocrx_word' id='word_1_9' title='bbox 1094 855 1263 920; x_wconf 82' lang='lat' dir='ltr'>perperam</span> <span class='ocrx_word' id='word_1_10' title='bbox 1285 846 1464 921; x_wconf 83' lang='lat' dir='ltr'>censerent,</span> 
     </span>
     <span class='ocr_line' id='line_1_3' title="bbox 340 930 1462 1015; baseline 0.006 -20"><span class='ocrx_word' id='word_1_11' title='bbox 340 930 397 995; x_wconf 89' lang='lat' dir='ltr'>sed</span> <span class='ocrx_word' id='word_1_12' title='bbox 420 930 591 1011; x_wconf 85' lang='lat' dir='ltr'>quominus</span> <span class='ocrx_word' id='word_1_13' title='bbox 619 932 677 995; x_wconf 89' lang='lat' dir='ltr'>tali</span> <span class='ocrx_word' id='word_1_14' title='bbox 705 931 886 1014; x_wconf 89' lang='lat' dir='ltr'>suspicione</span> <span class='ocrx_word' id='word_1_15' title='bbox 913 937 1033 998; x_wconf 89' lang='lat' dir='ltr'>temere</span> <span class='ocrx_word' id='word_1_16' title='bbox 1061 935 1238 1015; x_wconf 83' lang='lat' dir='ltr'>abutamur,</span> <span class='ocrx_word' id='word_1_17' title='bbox 1267 935 1462 1002; x_wconf 81' lang='lat' dir='ltr'>Graecarum</span> 
     </span>
     <span class='ocr_line' id='line_1_4' title="bbox 339 1027 1463 1114; baseline 0.009 -23"><span class='ocrx_word' id='word_1_18' title='bbox 339 1027 513 1092; x_wconf 77' lang='lat' dir='ltr'>formarum</span> <span class='ocrx_word' id='word_1_19' title='bbox 541 1028 621 1092; x_wconf 89' lang='lat' dir='ltr'>mira</span> <span class='ocrx_word' id='word_1_20' title='bbox 647 1028 705 1093; x_wconf 89' lang='lat' dir='ltr'>illa</span> <span class='ocrx_word' id='word_1_21' title='bbox 739 1029 969 1112; x_wconf 81' lang='lat' dir='ltr'>perspicuitate</span> <span class='ocrx_word' id='word_1_22' title='bbox 996 1031 1201 1113; x_wconf 86' lang='lat' dir='ltr'>prohibemur</span> <span class='ocrx_word' id='word_1_23' title='bbox 1232 1052 1295 1114; x_wconf 92' lang='lat' dir='ltr'>qua</span> <span class='ocrx_word' id='word_1_24' title='bbox 1320 1033 1463 1101; x_wconf 80' lang='lat' dir='ltr'>initiales</span> 
     </span>
     <span class='ocr_line' id='line_1_5' title="bbox 339 1125 1463 1212; baseline 0.008 -25"><span class='ocrx_word' id='word_1_25' title='bbox 339 1125 566 1191; x_wconf 87' lang='lat' dir='ltr'>vocabulorum</span> <span class='ocrx_word' id='word_1_26' title='bbox 598 1132 705 1209; x_wconf 88' lang='lat' dir='ltr'>partes</span> <span class='ocrx_word' id='word_1_27' title='bbox 730 1127 876 1207; x_wconf 85' lang='lat' dir='ltr'>integrae</span> <span class='ocrx_word' id='word_1_28' title='bbox 906 1128 1027 1192; x_wconf 85' lang='lat' dir='ltr'>servari</span> <span class='ocrx_word' id='word_1_29' title='bbox 1053 1129 1167 1195; x_wconf 89' lang='lat' dir='ltr'>solent.</span> <span class='ocrx_word' id='word_1_30' title='bbox 1211 1129 1294 1194; x_wconf 88' lang='lat' dir='ltr'>Nam</span> <span class='ocrx_word' id='word_1_31' title='bbox 1318 1132 1463 1212; x_wconf 91' lang='lat' dir='ltr'>quamvis</span> 
     </span>
     <span class='ocr_line' id='line_1_6' title="bbox 339 1221 1462 1310; baseline 0.007 -24"><span class='ocrx_word' id='word_1_32' title='bbox 339 1221 459 1286; x_wconf 87' lang='lat' dir='ltr'>usitata</span> <span class='ocrx_word' id='word_1_33' title='bbox 481 1223 522 1288; x_wconf 86' lang='lat' dir='ltr'>sit</span> <span class='ocrx_word' id='word_1_34' title='bbox 543 1242 687 1306; x_wconf 81' lang='lat' dir='ltr'>apocope</span> <span class='ocrx_word' id='word_1_35' title='bbox 703 1224 976 1307; x_wconf 89' lang='lat' dir='ltr'>praepositionum</span> <span class='ocrx_word' id='word_1_36' title='bbox 992 1226 1234 1309; x_wconf 87' lang='lat' dir='ltr'>bisyllabarum,</span> <span class='ocrx_word' id='word_1_37' title='bbox 1257 1233 1364 1293; x_wconf 90' lang='lat' dir='ltr'>tamen</span> <span class='ocrx_word' id='word_1_38' title='bbox 1380 1228 1462 1310; x_wconf 92' lang='lat' dir='ltr'>ejus-</span> 
     </span>
     <span class='ocr_line' id='line_1_7' title="bbox 339 1318 1462 1409; baseline 0.009 -28"><span class='ocrx_word' id='word_1_39' title='bbox 339 1318 425 1382; x_wconf 88' lang='lat' dir='ltr'>modi</span> <span class='ocrx_word' id='word_1_40' title='bbox 440 1319 627 1404; x_wconf 86' lang='lat' dir='ltr'>aphaeresis</span> <span class='ocrx_word' id='word_1_41' title='bbox 640 1321 742 1402; x_wconf 84' lang='lat' dir='ltr'>magis</span> <span class='ocrx_word' id='word_1_42' title='bbox 761 1320 967 1386; x_wconf 90' lang='lat' dir='ltr'>dialectorurn</span> <span class='ocrx_word' id='word_1_43' title='bbox 983 1325 1113 1406; x_wconf 89' lang='lat' dir='ltr'>propria</span> <span class='ocrx_word' id='word_1_44' title='bbox 1123 1330 1172 1389; x_wconf 92' lang='lat' dir='ltr'>est</span> <span class='ocrx_word' id='word_1_45' title='bbox 1189 1324 1333 1407; x_wconf 88' lang='lat' dir='ltr'>inprimis</span> <span class='ocrx_word' id='word_1_46' title='bbox 1351 1325 1462 1409; x_wconf 89' lang='lat' dir='ltr'>epicae</span> 
     </span>
     <span class='ocr_line' id='line_1_8' title="bbox 339 1416 1462 1495; baseline 0.007 -15"><span class='ocrx_word' id='word_1_47' title='bbox 339 1422 370 1480; x_wconf 91' lang='lat' dir='ltr'>et</span> <span class='ocrx_word' id='word_1_48' title='bbox 384 1416 546 1482; x_wconf 81' lang='lat' dir='ltr'>Aeolioae.</span> <span class='ocrx_word' id='word_1_49' title='bbox 584 1419 729 1482; x_wconf 88' lang='lat' dir='ltr'>Virorum</span> <span class='ocrx_word' id='word_1_50' title='bbox 750 1427 857 1495; x_wconf 91' lang='lat' dir='ltr'>autem</span> <span class='ocrx_word' id='word_1_51' title='bbox 880 1417 1043 1484; x_wconf 89' lang='lat' dir='ltr'>doctorum</span> <span class='ocrx_word' id='word_1_52' title='bbox 1059 1422 1238 1487; x_wconf 87' lang='lat' dir='ltr'>sententiae</span> <span class='ocrx_word' id='word_1_53' title='bbox 1259 1421 1356 1487; x_wconf 89' lang='lat' dir='ltr'>valde</span> <span class='ocrx_word' id='word_1_54' title='bbox 1377 1423 1462 1488; x_wconf 89' lang='lat' dir='ltr'>inter·</span> 
     </span>
     <span class='ocr_line' id='line_1_9' title="bbox 337 1515 1460 1601; baseline 0.005 -22"><span class='ocrx_word' id='word_1_55' title='bbox 337 1534 372 1579; x_wconf 91' lang='lat' dir='ltr'>se</span> <span class='ocrx_word' id='word_1_56' title='bbox 407 1515 607 1598; x_wconf 89' lang='lat' dir='ltr'>discrepant:</span> <span class='ocrx_word' id='word_1_57' title='bbox 651 1515 833 1581; x_wconf 85' lang='lat' dir='ltr'>Lobeckius</span> <span class='ocrx_word' id='word_1_58' title='bbox 866 1517 961 1599; x_wconf 90' lang='lat' dir='ltr'>enim,</span> <span class='ocrx_word' id='word_1_59' title='bbox 999 1518 1087 1601; x_wconf 90' lang='lat' dir='ltr'>path.</span> <span class='ocrx_word' id='word_1_60' title='bbox 1118 1519 1158 1583; x_wconf 84' lang='lat' dir='ltr'>el.</span> <span class='ocrx_word' id='word_1_61' title='bbox 1188 1520 1204 1583; x_wconf 92' lang='lat'><em>1</em></span> <span class='ocrx_word' id='word_1_62' title='bbox 1234 1522 1272 1583; x_wconf 79' lang='grc'>37</span> <span class='ocrx_word' id='word_1_63' title='bbox 1290 1539 1358 1601; x_wconf 90' lang='lat' dir='ltr'>sqq.</span> <span class='ocrx_word' id='word_1_64' title='bbox 1396 1541 1460 1585; x_wconf 92' lang='lat' dir='ltr'>non</span> 
     </span>
     <span class='ocr_line' id='line_1_10' title="bbox 336 1612 1459 1699; baseline 0.006 -23"><span class='ocrx_word' id='word_1_65' title='bbox 336 1631 441 1695; x_wconf 89' lang='lat' dir='ltr'>pauca</span> <span class='ocrx_word' id='word_1_66' title='bbox 457 1613 606 1696; x_wconf 85' lang='lat' dir='ltr'>exempla</span> <span class='ocrx_word' id='word_1_67' title='bbox 629 1612 899 1696; x_wconf 86' lang='lat' dir='ltr'>praepositionum</span> <span class='ocrx_word' id='word_1_68' title='bbox 915 1614 1130 1679; x_wconf 89' lang='lat' dir='ltr'>mutilatarum</span> <span class='ocrx_word' id='word_1_69' title='bbox 1154 1616 1304 1698; x_wconf 88' lang='lat' dir='ltr'>admittit,</span> <span class='ocrx_word' id='word_1_70' title='bbox 1326 1617 1459 1699; x_wconf 85' lang='lat' dir='ltr'>Pettius,</span> 
     </span>
     <span class='ocr_line' id='line_1_11' title="bbox 336 1711 1460 1796; baseline 0.006 -23"><span class='ocrx_word' id='word_1_71' title='bbox 336 1716 459 1790; x_wconf 87' lang='lat' dir='ltr'>quaest.</span> <span class='ocrx_word' id='word_1_72' title='bbox 484 1716 525 1775; x_wconf 91' lang='lat' dir='ltr'>et.</span> <span class='ocrx_word' id='word_1_73' title='bbox 548 1711 580 1774; x_wconf 78' lang='lat'>1²</span> <span class='ocrx_word' id='word_1_74' title='bbox 603 1713 664 1775; x_wconf 84' lang='lat'>218</span> <span class='ocrx_word' id='word_1_75' title='bbox 680 1730 759 1793; x_wconf 75' lang='lat' dir='ltr'>sqq,</span> <span class='ocrx_word' id='word_1_76' title='bbox 789 1712 838 1775; x_wconf 82' lang='lat'>112</span> <span class='ocrx_word' id='word_1_77' title='bbox 865 1715 926 1776; x_wconf 84' lang='lat'>386</span> <span class='ocrx_word' id='word_1_78' title='bbox 942 1732 1011 1794; x_wconf 87' lang='lat' dir='ltr'>sqq.</span> <span class='ocrx_word' id='word_1_79' title='bbox 1041 1713 1205 1796; x_wconf 91' lang='lat' dir='ltr'>permultis</span> <span class='ocrx_word' id='word_1_80' title='bbox 1233 1714 1267 1778; x_wconf 95' lang='lat' dir='ltr'>in</span> <span class='ocrx_word' id='word_1_81' title='bbox 1295 1714 1460 1780; x_wconf 90' lang='lat' dir='ltr'>vocabulis</span> 
     </span>
     <span class='ocr_line' id='line_1_12' title="bbox 337 1806 1459 1891; baseline 0.003 -20"><span class='ocrx_word' id='word_1_82' title='bbox 337 1806 468 1874; x_wconf 81' lang='lat' dir='ltr'>Graecis</span> <span class='ocrx_word' id='word_1_83' title='bbox 491 1808 596 1873; x_wconf 91' lang='lat' dir='ltr'>locum</span> <span class='ocrx_word' id='word_1_84' title='bbox 618 1807 658 1874; x_wconf 90' lang='lat' dir='ltr'>iis</span> <span class='ocrx_word' id='word_1_85' title='bbox 679 1807 841 1889; x_wconf 87' lang='lat' dir='ltr'>concedit,</span> <span class='ocrx_word' id='word_1_86' title='bbox 872 1808 998 1874; x_wconf 81' lang='lat' dir='ltr'>Curtius</span> <span class='ocrx_word' id='word_1_87' title='bbox 1020 1808 1169 1891; x_wconf 89' lang='lat' dir='ltr'>denique,</span> <span class='ocrx_word' id='word_1_88' title='bbox 1192 1818 1233 1876; x_wconf 91' lang='lat' dir='ltr'>et.</span> <span class='ocrx_word' id='word_1_89' title='bbox 1257 1810 1311 1877; x_wconf 84' lang='lat' dir='ltr'>Gr.</span> <span class='ocrx_word' id='word_1_90' title='bbox 1333 1811 1373 1876; x_wconf 89' lang='lat' dir='ltr'>el.</span> <span class='ocrx_word' id='word_1_91' title='bbox 1397 1815 1435 1875; x_wconf 80' lang='grc'>67</span> <span class='ocrx_word' id='word_1_92' title='bbox 1440 1814 1459 1874; x_wconf 84' lang='grc'>9</span> 
     </span>
     <span class='ocr_line' id='line_1_13' title="bbox 336 1905 1458 1990; baseline 0.003 -22"><span class='ocrx_word' id='word_1_93' title='bbox 336 1911 429 1969; x_wconf 87' lang='lat' dir='ltr'>caute</span> <span class='ocrx_word' id='word_1_94' title='bbox 457 1911 493 1969; x_wconf 93' lang='lat' dir='ltr'>ut</span> <span class='ocrx_word' id='word_1_95' title='bbox 520 1905 602 1971; x_wconf 88' lang='lat' dir='ltr'>solet</span> <span class='ocrx_word' id='word_1_96' title='bbox 629 1906 714 1970; x_wconf 93' lang='lat' dir='ltr'>bunc</span> <span class='ocrx_word' id='word_1_97' title='bbox 742 1925 898 1971; x_wconf 88' lang='lat' dir='ltr'>canonem</span> <span class='ocrx_word' id='word_1_98' title='bbox 927 1906 1021 1971; x_wconf 90' lang='lat' dir='ltr'>nobis</span> <span class='ocrx_word' id='word_1_99' title='bbox 1051 1908 1269 1990; x_wconf 87' lang='lat' dir='ltr'>commendat,</span> <span class='ocrx_word' id='word_1_100' title='bbox 1299 1915 1333 1972; x_wconf 91' lang='lat' dir='ltr'>ut</span> <span class='ocrx_word' id='word_1_101' title='bbox 1359 1908 1458 1973; x_wconf 88' lang='lat' dir='ltr'>talem</span> 
     </span>
     <span class='ocr_line' id='line_1_14' title="bbox 335 2002 1459 2086; baseline 0.004 -19"><span class='ocrx_word' id='word_1_102' title='bbox 335 2002 549 2085; x_wconf 84' lang='lat' dir='ltr'>suspicionem</span> <span class='ocrx_word' id='word_1_103' title='bbox 583 2004 712 2068; x_wconf 93' lang='lat' dir='ltr'>omuino</span> <span class='ocrx_word' id='word_1_104' title='bbox 745 2002 937 2084; x_wconf 87' lang='lat' dir='ltr'>abiciamus,</span> <span class='ocrx_word' id='word_1_105' title='bbox 971 2003 1033 2068; x_wconf 91' lang='lat' dir='ltr'>nisi</span> <span class='ocrx_word' id='word_1_106' title='bbox 1065 2004 1200 2086; x_wconf 85' lang='lat' dir='ltr'>singulis</span> <span class='ocrx_word' id='word_1_107' title='bbox 1227 2005 1261 2069; x_wconf 90' lang='lat' dir='ltr'>in</span> <span class='ocrx_word' id='word_1_108' title='bbox 1294 2006 1459 2071; x_wconf 90' lang='lat' dir='ltr'>vocabulis</span> 
     </span>
     <span class='ocr_line' id='line_1_15' title="bbox 334 2098 1457 2183; baseline 0 -19"><span class='ocrx_word' id='word_1_109' title='bbox 334 2119 405 2164; x_wconf 88' lang='lat' dir='ltr'>oum</span> <span class='ocrx_word' id='word_1_110' title='bbox 427 2101 516 2165; x_wconf 89' lang='lat' dir='ltr'>sonis</span> <span class='ocrx_word' id='word_1_111' title='bbox 543 2108 608 2165; x_wconf 90' lang='lat' dir='ltr'>tum</span> <span class='ocrx_word' id='word_1_112' title='bbox 638 2099 870 2182; x_wconf 85' lang='lat' dir='ltr'>significatione</span> <span class='ocrx_word' id='word_1_113' title='bbox 898 2098 953 2164; x_wconf 91' lang='lat' dir='ltr'>fiat</span> <span class='ocrx_word' id='word_1_114' title='bbox 976 2120 1015 2166; x_wconf 90' lang='lat' dir='ltr'>ea</span> <span class='ocrx_word' id='word_1_115' title='bbox 1037 2100 1227 2172; x_wconf 88' lang='lat' dir='ltr'>verisimilis.</span> <span class='ocrx_word' id='word_1_116' title='bbox 1272 2104 1319 2167; x_wconf 86' lang='lat' dir='ltr'>Ac</span> <span class='ocrx_word' id='word_1_117' title='bbox 1347 2103 1457 2183; x_wconf 82' lang='lat' dir='ltr'>negari</span> 
     </span>
     <span class='ocr_line' id='line_1_16' title="bbox 335 2197 1458 2281; baseline 0.003 -21"><span class='ocrx_word' id='word_1_118' title='bbox 335 2198 445 2278; x_wconf 88' lang='lat' dir='ltr'>nequit</span> <span class='ocrx_word' id='word_1_119' title='bbox 473 2197 560 2262; x_wconf 88' lang='lat' dir='ltr'>haud</span> <span class='ocrx_word' id='word_1_120' title='bbox 589 2197 688 2262; x_wconf 88' lang='lat' dir='ltr'>multa</span> <span class='ocrx_word' id='word_1_121' title='bbox 710 2218 781 2264; x_wconf 91' lang='lat' dir='ltr'>esse</span> <span class='ocrx_word' id='word_1_122' title='bbox 810 2198 968 2263; x_wconf 88' lang='lat' dir='ltr'>vocabula</span> <span class='ocrx_word' id='word_1_123' title='bbox 993 2218 1076 2280; x_wconf 91' lang='lat' dir='ltr'>quae</span> <span class='ocrx_word' id='word_1_124' title='bbox 1097 2218 1118 2263; x_wconf 93' lang='lat' dir='ltr'>a</span> <span class='ocrx_word' id='word_1_125' title='bbox 1139 2198 1294 2263; x_wconf 87' lang='lat' dir='ltr'>mutilatis</span> <span class='ocrx_word' id='word_1_126' title='bbox 1323 2217 1458 2281; x_wconf 90' lang='lat' dir='ltr'>praepo-</span> 
     </span>
     <span class='ocr_line' id='line_1_17' title="bbox 334 2290 1455 2378; baseline 0.004 -22"><span class='ocrx_word' id='word_1_127' title='bbox 334 2294 504 2360; x_wconf 89' lang='lat' dir='ltr'>sitionibus</span> <span class='ocrx_word' id='word_1_128' title='bbox 525 2294 666 2377; x_wconf 89' lang='lat' dir='ltr'>incipere</span> <span class='ocrx_word' id='word_1_129' title='bbox 689 2295 869 2375; x_wconf 88' lang='lat' dir='ltr'>videantur,</span> <span class='ocrx_word' id='word_1_130' title='bbox 900 2294 956 2360; x_wconf 90' lang='lat' dir='ltr'>sed</span> <span class='ocrx_word' id='word_1_131' title='bbox 981 2296 1252 2378; x_wconf 89' lang='lat' dir='ltr'>praepositionum</span> <span class='ocrx_word' id='word_1_132' title='bbox 1275 2290 1348 2373; x_wconf 78' lang='grc' dir='ltr'>ἀνά,</span> <span class='ocrx_word' id='word_1_133' title='bbox 1375 2291 1455 2374; x_wconf 78' lang='grc' dir='ltr'>ἀπό,</span> 
     </span>
     <span class='ocr_line' id='line_1_18' title="bbox 334 2386 1456 2476; baseline 0.004 -23"><span class='ocrx_word' id='word_1_134' title='bbox 334 2386 423 2475; x_wconf 73' lang='grc' dir='ltr'>ἀμφὶ</span> <span class='ocrx_word' id='word_1_135' title='bbox 446 2392 603 2457; x_wconf 91' lang='lat' dir='ltr'>nonnulla</span> <span class='ocrx_word' id='word_1_136' title='bbox 624 2395 774 2476; x_wconf 85' lang='lat' dir='ltr'>exempla</span> <span class='ocrx_word' id='word_1_137' title='bbox 796 2398 926 2458; x_wconf 81' lang='lat' dir='ltr'>exstant</span> <span class='ocrx_word' id='word_1_138' title='bbox 948 2393 1001 2458; x_wconf 93' lang='lat' dir='ltr'>ubi</span> <span class='ocrx_word' id='word_1_139' title='bbox 1023 2393 1121 2460; x_wconf 87' lang='lat' dir='ltr'>aliam</span> <span class='ocrx_word' id='word_1_140' title='bbox 1138 2393 1223 2458; x_wconf 89' lang='lat' dir='ltr'>viam</span> <span class='ocrx_word' id='word_1_141' title='bbox 1245 2393 1456 2474; x_wconf 85' lang='lat' dir='ltr'>recentiorum</span> 
     </span>
     <span class='ocr_line' id='line_1_19' title="bbox 333 2488 1455 2571; baseline 0.001 -18"><span class='ocrx_word' id='word_1_142' title='bbox 333 2488 564 2571; x_wconf 84' lang='lat' dir='ltr'>explicatorum</span> <span class='ocrx_word' id='word_1_143' title='bbox 586 2496 738 2571; x_wconf 89' lang='lat' dir='ltr'>qnantum</span> <span class='ocrx_word' id='word_1_144' title='bbox 762 2489 891 2571; x_wconf 89' lang='lat' dir='ltr'>quidem</span> <span class='ocrx_word' id='word_1_145' title='bbox 913 2509 973 2571; x_wconf 82' lang='lat' dir='ltr'>ego</span> <span class='ocrx_word' id='word_1_146' title='bbox 995 2490 1061 2555; x_wconf 89' lang='lat' dir='ltr'>scio</span> <span class='ocrx_word' id='word_1_147' title='bbox 1083 2489 1189 2555; x_wconf 89' lang='lat' dir='ltr'>nullus</span> <span class='ocrx_word' id='word_1_148' title='bbox 1213 2496 1263 2555; x_wconf 90' lang='lat' dir='ltr'>est</span> <span class='ocrx_word' id='word_1_149' title='bbox 1283 2490 1455 2571; x_wconf 85' lang='lat' dir='ltr'>ingressus.</span> 
     </span>
     <span class='ocr_line' id='line_1_20' title="bbox 334 2585 1455 2672; baseline 0.005 -23"><span class='ocrx_word' id='word_1_150' title='bbox 334 2585 390 2650; x_wconf 91' lang='lat' dir='ltr'>His</span> <span class='ocrx_word' id='word_1_151' title='bbox 419 2585 554 2655; x_wconf 79' lang='lat' dir='ltr'>fortasse</span> <span class='ocrx_word' id='word_1_152' title='bbox 588 2606 691 2670; x_wconf 89' lang='lat' dir='ltr'>pauca</span> <span class='ocrx_word' id='word_1_153' title='bbox 725 2587 791 2651; x_wconf 89' lang='lat' dir='ltr'>alia</span> <span class='ocrx_word' id='word_1_154' title='bbox 819 2586 897 2653; x_wconf 90' lang='lat' dir='ltr'>addi</span> <span class='ocrx_word' id='word_1_155' title='bbox 932 2594 1066 2670; x_wconf 88' lang='lat' dir='ltr'>possunt</span> <span class='ocrx_word' id='word_1_156' title='bbox 1097 2588 1130 2651; x_wconf 93' lang='lat' dir='ltr'>in</span> <span class='ocrx_word' id='word_1_157' title='bbox 1159 2587 1273 2669; x_wconf 90' lang='lat' dir='ltr'>quibus</span> <span class='ocrx_word' id='word_1_158' title='bbox 1301 2588 1455 2672; x_wconf 88' lang='lat' dir='ltr'>interpre-</span> 
     </span>
     <span class='ocr_line' id='line_1_21' title="bbox 333 2683 1166 2767; baseline 0.001 -21"><span class='ocrx_word' id='word_1_159' title='bbox 333 2683 441 2748; x_wconf 89' lang='lat' dir='ltr'>tandis</span> <span class='ocrx_word' id='word_1_160' title='bbox 464 2683 525 2747; x_wconf 83' lang='lat' dir='ltr'>hac</span> <span class='ocrx_word' id='word_1_161' title='bbox 547 2684 670 2748; x_wconf 88' lang='lat' dir='ltr'>ratione</span> <span class='ocrx_word' id='word_1_162' title='bbox 693 2691 801 2767; x_wconf 87' lang='lat' dir='ltr'>spreta</span> <span class='ocrx_word' id='word_1_163' title='bbox 822 2685 938 2749; x_wconf 81' lang='lat' dir='ltr'>frustra</span> <span class='ocrx_word' id='word_1_164' title='bbox 959 2685 1166 2750; x_wconf 82' lang='lat' dir='ltr'>laboraveris.</span> 
     </span>
    </p>

    <p class='ocr_par' dir='ltr' id='par_1_3' title="bbox 328 2780 1455 4321">
     <span class='ocr_line' id='line_1_22' title="bbox 416 2780 1455 2866; baseline 0.001 -20"><span class='ocrx_word' id='word_1_165' title='bbox 416 2780 470 2846; x_wconf 87' lang='lat' dir='ltr'>Sic</span> <span class='ocrx_word' id='word_1_166' title='bbox 493 2799 534 2845; x_wconf 84' lang='lat' dir='ltr'>ex</span> <span class='ocrx_word' id='word_1_167' title='bbox 555 2786 705 2862; x_wconf 87' lang='lat' dir='ltr'>quattuor</span> <span class='ocrx_word' id='word_1_168' title='bbox 725 2781 790 2847; x_wconf 87' lang='lat' dir='ltr'>illis</span> <span class='ocrx_word' id='word_1_169' title='bbox 811 2782 912 2866; x_wconf 89' lang='lat' dir='ltr'>alpha</span> <span class='ocrx_word' id='word_1_170' title='bbox 939 2781 1073 2865; x_wconf 83' lang='lat' dir='ltr'>praefixi</span> <span class='ocrx_word' id='word_1_171' title='bbox 1099 2780 1271 2863; x_wconf 83' lang='lat' dir='ltr'>generibus</span> <span class='ocrx_word' id='word_1_172' title='bbox 1296 2803 1379 2865; x_wconf 90' lang='lat' dir='ltr'>quae</span> <span class='ocrx_word' id='word_1_173' title='bbox 1401 2804 1455 2847; x_wconf 92' lang='lat' dir='ltr'>no-</span> 
     </span>
     <span class='ocr_line' id='line_1_23' title="bbox 331 2877 1453 2960; baseline 0.001 -18"><span class='ocrx_word' id='word_1_174' title='bbox 331 2884 417 2942; x_wconf 90' lang='lat' dir='ltr'>strae</span> <span class='ocrx_word' id='word_1_175' title='bbox 444 2877 561 2943; x_wconf 86' lang='lat' dir='ltr'>aetatis</span> <span class='ocrx_word' id='word_1_176' title='bbox 588 2878 650 2941; x_wconf 89' lang='lat' dir='ltr'>viri</span> <span class='ocrx_word' id='word_1_177' title='bbox 683 2878 765 2943; x_wconf 87' lang='lat' dir='ltr'>docti</span> <span class='ocrx_word' id='word_1_178' title='bbox 795 2879 970 2943; x_wconf 89' lang='lat' dir='ltr'>secundum</span> <span class='ocrx_word' id='word_1_179' title='bbox 998 2886 1141 2944; x_wconf 91' lang='lat' dir='ltr'>veterum</span> <span class='ocrx_word' id='word_1_180' title='bbox 1174 2880 1453 2960; x_wconf 79' lang='lat' dir='ltr'>grammaticorum</span> 
     </span>
     <span class='ocr_line' id='line_1_24' title="bbox 330 2974 1454 3043; baseline 0.003 -3"><span class='ocrx_word' id='word_1_181' title='bbox 330 2975 552 3040; x_wconf 85' lang='lat' dir='ltr'>auctoritatem</span> <span class='ocrx_word' id='word_1_182' title='bbox 582 2974 796 3040; x_wconf 82' lang='lat' dir='ltr'>distinxerunt</span> <span class='ocrx_word' id='word_1_183' title='bbox 828 2976 957 3040; x_wconf 89' lang='lat' dir='ltr'>sublato</span> <span class='ocrx_word' id='word_1_184' title='bbox 991 2976 1084 3041; x_wconf 89' lang='lat' dir='ltr'>tertio</span> <span class='ocrx_word' id='word_1_185' title='bbox 1112 2975 1200 3039; x_wconf 88' lang='lat' dir='ltr'>aliud</span> <span class='ocrx_word' id='word_1_186' title='bbox 1235 2976 1454 3043; x_wconf 90' lang='lat' dir='ltr'>substituimus</span> 
     </span>
     <span class='ocr_line' id='line_1_25' title="bbox 329 3072 1453 3155; baseline 0.002 -20"><span class='ocrx_word' id='word_1_187' title='bbox 329 3072 371 3135; x_wconf 88' lang='lat' dir='ltr'>ab</span> <span class='ocrx_word' id='word_1_188' title='bbox 400 3072 450 3136; x_wconf 91' lang='lat' dir='ltr'>bis</span> <span class='ocrx_word' id='word_1_189' title='bbox 482 3072 670 3155; x_wconf 88' lang='lat' dir='ltr'>plerumque</span> <span class='ocrx_word' id='word_1_190' title='bbox 698 3074 888 3154; x_wconf 84' lang='lat' dir='ltr'>neglectum.</span> <span class='ocrx_word' id='word_1_191' title='bbox 934 3073 1051 3138; x_wconf 90' lang='lat' dir='ltr'>Verum</span> <span class='ocrx_word' id='word_1_192' title='bbox 1082 3092 1123 3137; x_wconf 91' lang='lat' dir='ltr'>ne</span> <span class='ocrx_word' id='word_1_193' title='bbox 1150 3078 1295 3154; x_wconf 86' lang='lat' dir='ltr'>quartum</span> <span class='ocrx_word' id='word_1_194' title='bbox 1324 3073 1453 3153; x_wconf 90' lang='lat' dir='ltr'>quidem</span> 
     </span>
     <span class='ocr_line' id='line_1_26' title="bbox 329 3168 1451 3252; baseline -0.001 -18"><span class='ocrx_word' id='word_1_195' title='bbox 329 3188 447 3249; x_wconf 83' lang='lat' dir='ltr'>genus,</span> <span class='ocrx_word' id='word_1_196' title='bbox 475 3169 545 3233; x_wconf 90' lang='lat' dir='ltr'>sive</span> <span class='ocrx_word' id='word_1_197' title='bbox 573 3169 672 3250; x_wconf 85' lang='lat' dir='ltr'>alpha</span> <span class='ocrx_word' id='word_1_198' title='bbox 701 3170 912 3252; x_wconf 89' lang='lat' dir='ltr'>euphonicum</span> <span class='ocrx_word' id='word_1_199' title='bbox 944 3189 1110 3250; x_wconf 87' lang='lat' dir='ltr'>nuncupas</span> <span class='ocrx_word' id='word_1_200' title='bbox 1132 3169 1200 3233; x_wconf 90' lang='lat' dir='ltr'>sive</span> <span class='ocrx_word' id='word_1_201' title='bbox 1224 3168 1451 3250; x_wconf 89' lang='lat' dir='ltr'>prostheticum</span> 
     </span>
     <span class='ocr_line' id='line_1_27' title="bbox 329 3245 1452 3348; baseline 0 -18"><span class='ocrx_word' id='word_1_202' title='bbox 329 3266 398 3331; x_wconf 87' lang='lat' dir='ltr'>sive</span> <span class='ocrx_word' id='word_1_203' title='bbox 420 3265 486 3329; x_wconf 90' lang='lat' dir='ltr'>alio</span> <span class='ocrx_word' id='word_1_204' title='bbox 509 3265 647 3347; x_wconf 89' lang='lat' dir='ltr'>nornine,</span> <span class='ocrx_word' id='word_1_205' title='bbox 672 3285 709 3330; x_wconf 89' lang='lat' dir='ltr'>eo</span> <span class='ocrx_word' id='word_1_206' title='bbox 731 3286 827 3332; x_wconf 89' lang='lat' dir='ltr'>sensu</span> <span class='ocrx_word' id='word_1_207' title='bbox 848 3267 995 3348; x_wconf 88' lang='lat' dir='ltr'>accipere</span> <span class='ocrx_word' id='word_1_208' title='bbox 1016 3284 1184 3347; x_wconf 88' lang='lat' dir='ltr'>possumus</span> <span class='ocrx_word' id='word_1_209' title='bbox 1199 3245 1377 3345; x_wconf 66' lang='lat' dir='ltr'>quo&#39;uobis</span> <span class='ocrx_word' id='word_1_210' title='bbox 1398 3267 1452 3338; x_wconf 85' lang='lat' dir='ltr'>ob-</span> 
     </span>
     <span class='ocr_line' id='line_1_28' title="bbox 329 3362 1452 3445; baseline 0.004 -20"><span class='ocrx_word' id='word_1_211' title='bbox 329 3363 429 3427; x_wconf 85' lang='lat' dir='ltr'>latum</span> <span class='ocrx_word' id='word_1_212' title='bbox 452 3369 511 3427; x_wconf 82' lang='lat' dir='ltr'>est.</span> <span class='ocrx_word' id='word_1_213' title='bbox 542 3363 626 3426; x_wconf 88' lang='lat' dir='ltr'>Nam</span> <span class='ocrx_word' id='word_1_214' title='bbox 649 3370 758 3428; x_wconf 89' lang='lat' dir='ltr'>contra</span> <span class='ocrx_word' id='word_1_215' title='bbox 779 3365 890 3429; x_wconf 90' lang='lat' dir='ltr'>literas</span> <span class='ocrx_word' id='word_1_216' title='bbox 913 3363 1108 3445; x_wconf 84' lang='lat' dir='ltr'>euphonicas</span> <span class='ocrx_word' id='word_1_217' title='bbox 1130 3382 1195 3426; x_wconf 92' lang='lat' dir='ltr'>nou</span> <span class='ocrx_word' id='word_1_218' title='bbox 1217 3362 1319 3427; x_wconf 90' lang='lat' dir='ltr'>solum</span> <span class='ocrx_word' id='word_1_219' title='bbox 1343 3370 1452 3430; x_wconf 86' lang='lat' dir='ltr'>nostra</span> 
     </span>
     <span class='ocr_line' id='line_1_29' title="bbox 329 3458 1452 3542; baseline 0 -14"><span class='ocrx_word' id='word_1_220' title='bbox 329 3466 436 3528; x_wconf 85' lang='lat' dir='ltr'>aetate</span> <span class='ocrx_word' id='word_1_221' title='bbox 469 3458 530 3523; x_wconf 90' lang='lat' dir='ltr'>viri</span> <span class='ocrx_word' id='word_1_222' title='bbox 559 3459 643 3524; x_wconf 90' lang='lat' dir='ltr'>docti</span> <span class='ocrx_word' id='word_1_223' title='bbox 673 3461 861 3525; x_wconf 86' lang='lat' dir='ltr'>exstiterunt</span> <span class='ocrx_word' id='word_1_224' title='bbox 889 3460 948 3526; x_wconf 87' lang='lat' dir='ltr'>sed</span> <span class='ocrx_word' id='word_1_225' title='bbox 976 3460 1083 3540; x_wconf 88' lang='lat' dir='ltr'>etiam,</span> <span class='ocrx_word' id='word_1_226' title='bbox 1116 3466 1288 3541; x_wconf 85' lang='lat' dir='ltr'>antequam</span> <span class='ocrx_word' id='word_1_227' title='bbox 1320 3460 1452 3542; x_wconf 84' lang='lat' dir='ltr'>linguae</span> 
     </span>
     <span class='ocr_line' id='line_1_30' title="bbox 329 3556 1451 3639; baseline 0.004 -19"><span class='ocrx_word' id='word_1_228' title='bbox 329 3556 470 3624; x_wconf 85' lang='lat' dir='ltr'>interae</span> <span class='ocrx_word' id='word_1_229' title='bbox 492 3558 670 3639; x_wconf 85' lang='lat' dir='ltr'>comparari</span> <span class='ocrx_word' id='word_1_230' title='bbox 692 3565 826 3639; x_wconf 86' lang='lat' dir='ltr'>coeptae</span> <span class='ocrx_word' id='word_1_231' title='bbox 847 3565 935 3637; x_wconf 88' lang='lat' dir='ltr'>sunt,</span> <span class='ocrx_word' id='word_1_232' title='bbox 965 3557 1054 3623; x_wconf 81' lang='lat' dir='ltr'>luere</span> <span class='ocrx_word' id='word_1_233' title='bbox 1076 3557 1130 3638; x_wconf 93' lang='lat' dir='ltr'>qui</span> <span class='ocrx_word' id='word_1_234' title='bbox 1153 3556 1193 3621; x_wconf 90' lang='lat' dir='ltr'>de</span> <span class='ocrx_word' id='word_1_235' title='bbox 1216 3576 1254 3621; x_wconf 89' lang='lat' dir='ltr'>eo</span> <span class='ocrx_word' id='word_1_236' title='bbox 1277 3556 1373 3623; x_wconf 88' lang='lat' dir='ltr'>valde</span> <span class='ocrx_word' id='word_1_237' title='bbox 1395 3559 1451 3623; x_wconf 92' lang='lat' dir='ltr'>du-</span> 
     </span>
     <span class='ocr_line' id='line_1_31' title="bbox 329 3653 1451 3739; baseline 0.005 -22"><span class='ocrx_word' id='word_1_238' title='bbox 329 3654 478 3719; x_wconf 86' lang='lat' dir='ltr'>bitarent.</span> <span class='ocrx_word' id='word_1_239' title='bbox 519 3653 736 3734; x_wconf 86' lang='lat' dir='ltr'>Hennickeus,</span> <span class='ocrx_word' id='word_1_240' title='bbox 759 3653 867 3719; x_wconf 88' lang='lat' dir='ltr'>sohed.</span> <span class='ocrx_word' id='word_1_241' title='bbox 891 3662 986 3738; x_wconf 86' lang='lat' dir='ltr'>etym.</span> <span class='ocrx_word' id='word_1_242' title='bbox 1011 3676 1042 3737; x_wconf 88' lang='lat' dir='ltr'>p.</span> <span class='ocrx_word' id='word_1_243' title='bbox 1065 3658 1084 3717; x_wconf 86' lang='grc'><strong>4</strong></span> <span class='ocrx_word' id='word_1_244' title='bbox 1107 3653 1219 3718; x_wconf 88' lang='lat' dir='ltr'>merito</span> <span class='ocrx_word' id='word_1_245' title='bbox 1241 3653 1331 3719; x_wconf 90' lang='lat' dir='ltr'>reicit</span> <span class='ocrx_word' id='word_1_246' title='bbox 1351 3658 1451 3739; x_wconf 88' lang='lat' dir='ltr'>alpha</span> 
     </span>
     <span class='ocr_line' id='line_1_32' title="bbox 328 3749 1450 3835; baseline 0.007 -22"><span class='ocrx_word' id='word_1_247' title='bbox 328 3749 408 3814; x_wconf 89' lang='lat' dir='ltr'>illud</span> <span class='ocrx_word' id='word_1_248' title='bbox 431 3750 644 3835; x_wconf 89' lang='lat' dir='ltr'>euphonicum</span> <span class='ocrx_word' id='word_1_249' title='bbox 659 3751 749 3833; x_wconf 90' lang='lat' dir='ltr'>cujus</span> <span class='ocrx_word' id='word_1_250' title='bbox 770 3771 875 3834; x_wconf 89' lang='lat' dir='ltr'>paene</span> <span class='ocrx_word' id='word_1_251' title='bbox 895 3751 1025 3817; x_wconf 87' lang='lat' dir='ltr'>taedeat</span> <span class='ocrx_word' id='word_1_252' title='bbox 1040 3750 1186 3817; x_wconf 88' lang='lat' dir='ltr'>Passovii</span> <span class='ocrx_word' id='word_1_253' title='bbox 1201 3751 1327 3816; x_wconf 84' lang='lat' dir='ltr'>lexicon</span> <span class='ocrx_word' id='word_1_254' title='bbox 1342 3754 1450 3835; x_wconf 84' lang='lat' dir='ltr'>legen-</span> 
     </span>
     <span class='ocr_line' id='line_1_33' title="bbox 329 3847 1448 3929; baseline 0.004 -16"><span class='ocrx_word' id='word_1_255' title='bbox 329 3856 385 3928; x_wconf 84' lang='lat' dir='ltr'>tes,</span> <span class='ocrx_word' id='word_1_256' title='bbox 407 3847 644 3913; x_wconf 87' lang='lat' dir='ltr'>inconsiderate</span> <span class='ocrx_word' id='word_1_257' title='bbox 667 3868 721 3913; x_wconf 92' lang='lat' dir='ltr'>eos</span> <span class='ocrx_word' id='word_1_258' title='bbox 739 3867 837 3929; x_wconf 87' lang='lat' dir='ltr'>agere</span> <span class='ocrx_word' id='word_1_259' title='bbox 858 3848 1043 3914; x_wconf 88' lang='lat' dir='ltr'>criminatus</span> <span class='ocrx_word' id='word_1_260' title='bbox 1060 3850 1114 3929; x_wconf 93' lang='lat' dir='ltr'>qui</span> <span class='ocrx_word' id='word_1_261' title='bbox 1130 3848 1274 3913; x_wconf 83' lang='lat' dir='ltr'>vocalem</span> <span class='ocrx_word' id='word_1_262' title='bbox 1293 3850 1448 3918; x_wconf 88' lang='lat' dir='ltr'>initialem</span> 
     </span>
     <span class='ocr_line' id='line_1_34' title="bbox 329 3943 1450 4029; baseline 0.001 -19"><span class='ocrx_word' id='word_1_263' title='bbox 329 3944 643 4027; x_wconf 77' lang='lat' dir='ltr'>Francogallicorum</span> <span class='ocrx_word' id='word_1_264' title='bbox 660 3945 887 4010; x_wconf 87' lang='lat' dir='ltr'>vocabulorum</span> <span class='ocrx_word' id='word_1_265' title='bbox 910 3944 1086 4029; x_wconf 79' lang='lat' dir='ltr'>espe&#39;rotwe,</span> <span class='ocrx_word' id='word_1_266' title='bbox 1105 3943 1227 4029; x_wconf 81' lang='lat' dir='ltr'>e&#39;pcune,</span> <span class='ocrx_word' id='word_1_267' title='bbox 1246 3945 1360 4028; x_wconf 72' lang='lat' dir='ltr'>capdcc,</span> <span class='ocrx_word' id='word_1_268' title='bbox 1383 3954 1450 4011; x_wconf 75' lang='lat' dir='ltr'>stre</span> 
     </span>
     <span class='ocr_line' id='line_1_35' title="bbox 330 4040 1449 4125; baseline 0.002 -20"><span class='ocrx_word' id='word_1_269' title='bbox 330 4042 541 4124; x_wconf 86' lang='lat' dir='ltr'>euphonicam</span> <span class='ocrx_word' id='word_1_270' title='bbox 563 4061 635 4107; x_wconf 90' lang='lat' dir='ltr'>esse</span> <span class='ocrx_word' id='word_1_271' title='bbox 657 4043 767 4105; x_wconf 88' lang='lat' dir='ltr'>velint.</span> <span class='ocrx_word' id='word_1_272' title='bbox 797 4040 881 4119; x_wconf 81' lang='lat' dir='ltr'>Quid</span> <span class='ocrx_word' id='word_1_273' title='bbox 904 4043 1005 4108; x_wconf 83' lang='lat' dir='ltr'>vero?</span> <span class='ocrx_word' id='word_1_274' title='bbox 1038 4042 1220 4125; x_wconf 89' lang='lat' dir='ltr'>prosthetici</span> <span class='ocrx_word' id='word_1_275' title='bbox 1242 4043 1341 4123; x_wconf 86' lang='lat' dir='ltr'>alpha</span> <span class='ocrx_word' id='word_1_276' title='bbox 1363 4044 1449 4123; x_wconf 89' lang='lat' dir='ltr'>quod</span> 
     </span>
     <span class='ocr_line' id='line_1_36' title="bbox 330 4137 1446 4223; baseline 0 -20"><span class='ocrx_word' id='word_1_277' title='bbox 330 4140 485 4220; x_wconf 85' lang='lat' dir='ltr'>putabant</span> <span class='ocrx_word' id='word_1_278' title='bbox 514 4146 660 4205; x_wconf 88' lang='lat' dir='ltr'>naturam</span> <span class='ocrx_word' id='word_1_279' title='bbox 689 4139 1035 4223; x_wconf 84' lang='lat' dir='ltr'>meliusperspexisse</span> <span class='ocrx_word' id='word_1_280' title='bbox 1062 4140 1166 4217; x_wconf 89' lang='lat' dir='ltr'>credis</span> <span class='ocrx_word' id='word_1_281' title='bbox 1199 4137 1348 4203; x_wconf 79' lang='lat' dir='ltr'>veteres?</span> <span class='ocrx_word' id='word_1_282' title='bbox 1384 4141 1446 4220; x_wconf 89' lang='lat' dir='ltr'>qui,</span> 
     </span>
     <span class='ocr_line' id='line_1_37' title="bbox 331 4235 1449 4321; baseline -0.001 -21"><span class='ocrx_word' id='word_1_283' title='bbox 331 4254 397 4301; x_wconf 90' lang='lat' dir='ltr'>cum</span> <span class='ocrx_word' id='word_1_284' title='bbox 420 4238 520 4321; x_wconf 90' lang='lat' dir='ltr'>alpha</span> <span class='ocrx_word' id='word_1_285' title='bbox 542 4236 701 4302; x_wconf 85' lang='lat' dir='ltr'>intensive</span> <span class='ocrx_word' id='word_1_286' title='bbox 724 4256 763 4301; x_wconf 90' lang='lat' dir='ltr'>ea</span> <span class='ocrx_word' id='word_1_287' title='bbox 784 4236 1004 4300; x_wconf 85' lang='lat' dir='ltr'>tantummodo</span> <span class='ocrx_word' id='word_1_288' title='bbox 1018 4237 1168 4318; x_wconf 87' lang='lat' dir='ltr'>exempla</span> <span class='ocrx_word' id='word_1_289' title='bbox 1188 4254 1251 4298; x_wconf 91' lang='lat' dir='ltr'>uon</span> <span class='ocrx_word' id='word_1_290' title='bbox 1272 4235 1449 4300; x_wconf 90' lang='lat' dir='ltr'>tribuerent</span> 
     </span>
    </p>
   </div>
   <div class='ocr_carea' id='block_1_3' title="bbox 0 0 1792 5334">
    <p class='ocr_par' dir='ltr' id='par_1_4' title="bbox 0 0 1792 5334">
     <span class='ocr_line' id='line_1_38' title="bbox 0 0 1792 5334; baseline 0 5"><span class='ocrx_word' id='word_1_291' title='bbox 0 0 1792 5334; x_wconf 95' lang='lat' dir='ltr'> </span> 
     </span>
    </p>
   </div>
  </div>
 </body>
</html>
