3575 5334
483 729 516 783 de
533 729 684 784 nominibus
701 730 860 785 suffixorum
878 738 935 784 ent·
953 734 980 785 et
997 731 1082 810 mino·
1100 746 1152 799 ope
1169 731 1300 788 formatis.
1394 731 1455 793 Α391

330 910 439 969 lamen
472 921 549 966 casu
576 901 732 968 accidisse
764 923 829 967 non
862 903 1041 987 putandum
1070 910 1133 986 est,
1167 911 1201 969 ut
1229 905 1287 969 illa
1316 912 1410 988 porta
1438 927 1458 972 a

330 1000 461 1066 nomine
502 999 572 1081 ejus
607 1006 789 1080 vocaretur,
832 1000 903 1083 qui,
947 1006 982 1064 ut
1019 1001 1133 1067 Festus
1168 1010 1200 1068 et
1231 1004 1354 1068 Plinius
1396 992 1458 1069 tra·

331 1099 463 1178 dunt⁴⁸),
492 1096 578 1162 ludis
600 1097 795 1163 circensibus
817 1099 1028 1181 quadrigis
1049 1100 1214 1165 victorIam
1237 1102 1456 1184 reportaverit.

332 1195 439 1275 Quare
456 1194 538 1258 illud
559 1193 657 1258 Curtii
673 1196 878 1277 sagacissime
902 1215 973 1262 esse
995 1195 1181 1279 indagatum
1204 1218 1299 1264 nemo
1321 1199 1456 1282 negarit.

412 1291 587 1376 pilumnus:
609 1292 704 1374 hujus
723 1293 809 1358 vocis
831 1292 913 1359 haec
935 1312 1000 1358 una
1020 1293 1122 1359 forma
1144 1296 1317 1361 memoriae
1340 1297 1458 1363 tradita

332 1397 380 1455 est
409 1409 429 1453 a
454 1389 550 1453 Festo
579 1410 610 1472 p.
635 1393 712 1454 205:
745 1391 906 1472 pilumnoe
931 1390 1047 1473 poploe
1075 1391 1143 1468 („in
1170 1393 1312 1459 carmine
1341 1393 1455 1459 Saliari

331 1486 468 1553 Romani
505 1486 594 1551 velut
632 1487 706 1569 pilis
742 1487 912 1568 assueti“l,
950 1507 1043 1570 quam
1080 1488 1255 1557 Corssenus
1292 1492 1345 1572 (1²,
1384 1495 1456 1558 528.

331 1589 393 1650 706
410 1582 470 1667 sq.)
500 1604 564 1648 non
594 1584 674 1649 satis
701 1592 787 1649 recte
814 1591 920 1666 genet.
948 1606 1005 1668 og,
1036 1586 1251 1655 Buechelerus
1279 1590 1457 1672 (grundrIss

332 1683 390 1747 der
411 1683 467 1747 lat.
491 1681 572 1746 decl.
596 1701 627 1763 p.
655 1684 704 1758 17)
732 1682 850 1747 rectius
874 1684 1107 1749 nominativum
1129 1686 1212 1768 plur.
1241 1693 1288 1759 (ut
1308 1688 1342 1752 in
1364 1707 1456 1753 voca-

330 1780 407 1844 bulo
430 1778 617 1841 Fescemnoe
639 1779 724 1844 Fest.
750 1801 782 1864 p.
806 1783 859 1859 86)
884 1781 990 1846 habet.
1037 1784 1173 1847 Ductum
1196 1791 1244 1850 est
1264 1785 1456 1850 vocabulum

325 1876 487 1961 pilumnoe
515 1896 535 1939 a
562 1877 718 1942 substant.
742 1876 843 1959 pilum
872 1878 904 1955 (i.
929 1898 956 1944 e.
979 1879 1085 1953 hasta)
1115 1880 1260 1946 elidem
1288 1882 1455 1965 significat,

331 1973 416 2056 quod
435 1973 539 2057 piloni
557 1974 577 2038 i.
594 1992 622 2038 e.
645 1975 745 2038 triarii
770 1975 883 2046 (Varro
907 1975 927 2038 l.
944 1976 965 2040 l.
983 1976 1019 2056 V,
1037 1980 1094 2057 89;
1118 1976 1212 2042 Ovid.
1229 1978 1300 2043 last.
1318 1983 1347 2044 3.
1367 1983 1456 2062 leeg

330 2071 368 2135 cl.
393 2072 489 2136 etiam
507 2071 627 2155 pilutus
649 2072 744 2155 Verg.
769 2072 848 2137 Aen.
871 2072 954 2153 XII,
982 2076 1051 2137 121.
1082 2108 1123 2119 -
1152 2074 1316 2137 Pilumnoe
1339 2076 1457 2159 poploe

329 2167 427 2251 igitur
455 2175 503 2234 est
526 2168 642 2252 populi
662 2170 740 2252 pilis
768 2172 885 2233 ormoli
911 2177 953 2244 (v.
984 2170 1124 2235 Curtium
1153 2172 1175 2236 l.
1204 2173 1226 2237 l.
1254 2193 1285 2255 p.
1309 2175 1371 2237 276
1390 2194 1455 2256 sq.;

331 2265 523 2332 Corssenum
547 2268 588 2349 1²,
612 2270 689 2351 5293
713 2268 771 2349 lli,
797 2272 881 2345 173).

415 2362 580 2425 Pilumnus
602 2364 715 2430 eodem
739 2364 849 2446 modio,
879 2384 942 2447 quo
970 2384 1087 2431 nomen
1110 2364 1258 2447 superius
1285 2365 1455 2431 formatum

284 2486 286 2489 ⁴
329 2460 427 2525 aliam
451 2460 612 2542 quandam
635 2462 797 2527 notionem
820 2461 969 2528 adhibet:
999 2461 1163 2523 Pilumnus
1184 2461 1285 2544 enim,
1315 2464 1369 2545 qui
1390 2484 1456 2528 una

331 2577 403 2622 cum
420 2557 571 2622 Picumno
587 2559 827 2624 commemorari
843 2560 925 2625 solet
932 2559 974 2638 ⁴⁹),
999 2558 1142 2623 deusest
1164 2558 1230 2641 pilo
1246 2559 1266 2623 i.
1282 2578 1309 2625 e.
1333 2562 1455 2643 pistillo

330 2661 482 2736 armatus,
505 2676 568 2738 quo
590 2674 691 2736 grana
713 2655 911 2722 contundere
929 2662 961 2722 et
976 2657 1063 2721 mala
1084 2657 1126 2720 ab
1148 2656 1325 2723 infantibus
1346 2675 1457 2725 arcere

331 2752 497 2817 dicebatur
518 2754 569 2833 (cl.
593 2753 682 2819 Serv.
705 2754 748 2818 ad
772 2754 865 2836 Verg.
888 2755 970 2818 Aen.
993 2753 1054 2837 IX,
1076 2758 1106 2837 4,
1129 2754 1162 2818 Χ
1184 2758 1242 2837 76;
1266 2754 1456 2821 Corssenum

330 2857 363 2915 et
385 2849 528 2915 Curtium
551 2851 572 2915 l.
595 2852 641 2927 l.).

424 2947 602 3011 Vitumnus.-
639 2949 691 3013 dei
714 2950 850 3013 Romani
871 2966 989 3013 nomen
1011 2953 1069 3028 est,
1096 2966 1179 3029 „per
1197 2968 1291 3030 quem
1314 2951 1458 3017 vivescat

331 3045 468 3111 iulans“.
499 3047 633 3111 Tertull.
650 3046 724 3111 adv.
740 3052 805 3110 nal.
821 3047 862 3127 ll,
881 3050 936 3128 ll3
959 3044 1129 3127 Augustin.
1145 3044 1206 3109 civ.
1222 3044 1274 3111 dei
1291 3046 1362 3129 Vll,
1380 3052 1409 3129 2,
1427 3052 1456 3113 3.

401 3277 434 3342 ⁴⁸)
460 3274 558 3330 Festus
576 3292 603 3344 p.
622 3280 685 3330 274:
712 3276 898 3340 „Ratumenna
914 3278 993 3342 porta
1011 3288 1028 3327 a
1045 3274 1153 3328 nomine
1174 3273 1233 3341 ejus
1251 3276 1389 3344 appellata
1406 3282 1457 3345 est,

331 3357 377 3424 qui
403 3356 506 3410 ludicro
534 3356 679 3411 certamine
705 3356 841 3425 quadrigis
867 3354 969 3418 victor,
996 3353 1114 3408 clarusci
1140 3354 1293 3418 („Elrusci“
1321 3357 1455 3413 emendat.

331 3437 450 3502 Mlllleri)
466 3438 572 3505 generis
590 3436 664 3491 vehis
680 3436 799 3503 („Veis“)
818 3434 998 3491 consternatis
1014 3434 1091 3503 equis
1108 3448 1239 3489 excussus
1255 3434 1359 3492 Romae
1376 3440 1457 3508 perit,

332 3519 378 3586 qui
396 3517 458 3585 equi
475 3516 599 3572 feruntur
615 3533 671 3572 non
688 3524 752 3572 ante
770 3516 935 3583 constitisse,
953 3530 1033 3585 quam
1050 3514 1221 3584 pervenerint
1236 3515 1266 3570 ln
1284 3517 1456 3587 Capitolium,

333 3602 560 3667 conspectumque
577 3597 700 3652 fictilium
718 3597 920 3666 quadrigarum,
944 3611 1013 3664 quae
1030 3601 1107 3651 eraut
1123 3596 1153 3650 in
1169 3596 1277 3665 fastigio
1294 3598 1369 3655 Jovis
1387 3606 1455 3655 tem·

331 3678 383 3746 pli,
408 3693 475 3747 quas
498 3676 637 3733 faciendas
653 3677 811 3733 locaverunt
827 3677 943 3733 Romani
959 3676 1065 3746 vegenti
1085 3676 1246 3745 („Vejenti“l
1264 3677 1371 3732 cuidam
1388 3680 1457 3735 artis

331 3758 459 3826 figulinae
476 3758 625 3827 prudenti.“

400 3839 470 3893 Plln.
488 3839 561 3904 VIII,
581 3844 622 3905 42,
641 3844 685 3893 65:
715 3838 822 3907 „Majus
846 3840 988 3907 augurium
1006 3839 1079 3908 apud
1098 3838 1203 3912 priscos
1220 3836 1334 3906 plebejis
1353 3837 1454 3893 circen·

332 3920 407 3974 sibus
432 3934 544 3975 excusso
568 3922 665 3987 auriga
686 3920 726 3973 ita
753 3925 784 3972 ut
807 3919 830 3973 si
853 3924 939 3973 staret
961 3919 989 3973 ln
1011 3919 1174 3987 Capitolium
1197 3918 1349 3973 cucurrisse
1371 3933 1455 3987 equos

332 4001 479 4070 aedemque
497 4003 539 4055 ter
555 4001 701 4066 lustrasse,
724 4015 879 4070 maxumum
902 4015 966 4055 vero
990 3999 1083 4053 eodem
1106 3999 1259 4068 pervenisse
1277 4014 1294 4052 a
1310 3998 1375 4053 Veis
1393 4015 1455 4053 cum

332 4082 422 4150 palma
440 4084 467 4135 et
485 4096 586 4135 corona
603 4080 689 4136 effuso
707 4080 879 4135 Ratumenna
897 4081 942 4150 qui
958 4079 997 4135 ibi
1013 4079 1128 4144 vicerat,
1150 4079 1222 4134 unde
1243 4083 1339 4149 postea
1357 4094 1455 4133 nomen

332 4168 428 4231 portae
445 4167 511 4215 est.“

401 4242 434 4307 ⁴⁹)
452 4242 540 4297 Varro
557 4241 604 4296 vit.
623 4258 685 4312 pop.
704 4241 781 4297 Rom.
801 4252 845 4311 ap.
863 4241 934 4297 Non.
953 4257 980 4311 p.
1000 4246 1047 4296 361
1068 4239 1156 4294 Gerlr
1182 4238 1248 4301 „diis
1266 4236 1456 4308 conjugalibus

332 4322 465 4378 Picumno
484 4326 512 4376 et
529 4320 680 4379 Pilumno.“
1379 4334 1382 4338 ’
