3575 5334
332 716 372 778 60
848 715 949 771 Glemm
1010 785 1014 792 Ι
1108 660 1112 668 ·

331 891 415 1052 Plilp13
443 890 475 954 h.
505 911 535 955 n.
564 888 625 953 VII
648 892 688 953 20
722 909 857 971 coepere
889 908 988 951 ecsco.
1046 888 1218 953 Translate
1254 888 1366 952 Afran.
1394 891 1454 952 315

332 988 371 1053 Ri
418 989 487 1053 eck.

438 1132 471 1185 et
487 1105 569 1207 puer
590 1130 637 1183 cet
658 1121 785 1183 ucecia
807 1120 977 1181 imbecillus
997 1118 1123 1182 uiribus.

415 1270 594 1336 Ribbeekio
622 1289 688 1334 non
716 1288 845 1352 prorsus
872 1267 1031 1332 assentior
1063 1266 1214 1333 vescendi
1241 1266 1373 1332 verbum
1404 1286 1457 1333 ex-

331 1368 480 1450 plicanti:
524 1387 697 1449 zeuuugcu,
735 1366 785 1427 die
820 1363 930 1448 Specto
964 1364 1151 1442 aertlrczlcu,
1192 1365 1289 1429 immo
1326 1384 1454 1430 sensum

330 1465 457 1530 facilius
471 1463 689 1545 intellegimus
703 1463 731 1528 si
753 1483 861 1525 vescor
884 1480 942 1545 pro
957 1462 1149 1524 ve-eu-scoe
1170 1462 1304 1527 verbum
1326 1460 1456 1526 inchoa·

331 1563 432 1627 tivum
448 1581 519 1627 esse
534 1566 718 1642 reputamus
739 1567 773 1623 ut
795 1559 924 1642 proprie
939 1558 980 1623 sit
1002 1558 1086 1635 „ab“
1109 1558 1217 1642 aliqua
1238 1577 1273 1622 re
1295 1558 1349 1623 vel
1372 1558 1456 1635 „de“

332 1660 396 1740 alq.
419 1677 454 1722 re
482 1657 650 1740 paullatim
673 1657 778 1722 edere.
828 1655 913 1734 Quid
941 1655 1078 1720 enimsi
1106 1677 1142 1718 ue
1170 1656 1385 1738 separationis
1408 1663 1457 1723 est

332 1755 490 1838 particula
530 1760 565 1826 ut
597 1753 680 1818 iufra
716 1753 913 1833 videbimus,
955 1772 1064 1818 nonne
1100 1753 1194 1817 simul
1232 1760 1368 1837 apparet
1403 1774 1459 1819 eur

332 1872 403 1917 eum
425 1851 567 1916 ablativo
582 1871 658 1916 casu
680 1851 741 1915 hoe
761 1851 894 1916 verbum
917 1849 1156 1931 conjungatur?
1186 1851 1260 1915 Alia
1276 1850 1317 1916 dc
1332 1851 1456 1933 origine

331 1949 480 2014 vocabuli
514 1948 733 2029 excogitarunt
766 1947 914 2027 Vossius,
946 1946 1103 2031 Bryeeus,
1135 1947 1367 2028 Doederliuus,
1403 1949 1457 2012 vix

333 2047 433 2129 digna
459 2064 541 2127 quae
563 2049 859 2110 commemorentur.

424 2142 595 2225 chruudc'e
626 2143 754 2224 egregie
787 2147 956 2207 tractatum
986 2147 1034 2205 est
1062 2141 1292 2206 aRibbeckio.
1338 2142 1458 2207 Etiam·

333 2260 417 2306 nune
448 2242 482 2305 iu
516 2240 663 2305 omuibus
697 2238 810 2304 lexicis
837 2239 974 2320 legimus
1003 2256 1074 2301 esse
1095 2236 1116 2302 i.
1139 2257 1169 2318 q.
1192 2235 1297 2302 ¹valde
1325 2238 1458 2320 grandis

334 2337 421 2421 apud
444 2337 546 2401 Lucil.
568 2336 627 2419 fug.
654 2336 767 2400 XXVI
790 2337 828 2399 79
851 2335 941 2399 Mttll.
965 2333 1016 2412 (cl.
1040 2334 1123 2399 Non.
1149 2338 1218 2415 183,
1242 2338 1282 2398 30
1306 2342 1339 2400 et
1361 2334 1458 2413 Fest.)

438 2509 500 2550 uou
522 2488 640 2551 ideireo
664 2488 831 2549 extollitur
853 2506 909 2546 uec
930 2485 1030 2547 ucituc
1050 2485 1248 2568 vegrandi
1267 2486 1363 2548 detur

335 2641 512 2723 Bentleyus
533 2637 576 2703 ad
599 2639 674 2703 Hor.
698 2638 719 2702 l.
742 2639 764 2701 l.
788 2656 858 2700 eum
881 2638 979 2700 vitam
1014 2636 1165 2701 humilem
1189 2642 1220 2701 et
1241 2637 1390 2702 miseram
1414 2640 1460 2704 in·

333 2740 482 2819 tellegat,
515 2736 643 2819 supplet
670 2736 767 2800 haec:
797 2752 856 2798 nee
885 2734 919 2798 iu
942 2734 1086 2799 adversis
1114 2733 1210 2798 rebus
1233 2733 1365 2814 sapiens
1386 2756 1461 2800 eon·

222 2906 224 2910 y
333 2836 449 2899 entitur
470 2852 574 2914 neque
596 2833 629 2897 iu
651 2832 821 2915 prosperis,
851 2850 913 2893 nou
936 2831 1053 2893 idcirco
1076 2851 1104 2897 e.
1128 2851 1157 2913 q.
1181 2851 1206 2895 s.
1252 2832 1369 2896 Verum
1392 2854 1458 2897 uon

332 2932 375 2997 ad
404 2931 582 3013 sapientem
612 2929 695 2994 huuc
723 2948 849 2994 versum
878 2934 1025 3010 spectare
1053 2926 1111 2993 sed
1139 2927 1182 2992 ad
1204 2928 1359 2994 infantem
1381 2931 1459 2995 Rib-

334 3028 469 3095 beekius
489 3032 575 3091 reete
596 3026 725 3108 collegit
746 3045 764 3091 c
788 3026 910 3091 verbis:
947 3025 1029 3086 uitae
1052 3025 1154 3104 detur,
1179 3026 1252 3089 eoll.
1276 3026 1359 3091 Non.
1383 3030 1457 3108 295,

334 3130 390 3209 35,
427 3126 482 3189 ubi
509 3143 621 3190 versus
648 3124 813 3206 repetitur.
867 3122 1025 3200 Quoniam
1057 3130 1162 3189 autem
1196 3124 1362 3205 vepreculis
1390 3126 1459 3189 vita

335 3224 375 3289 de
397 3223 555 3288 brevitate
576 3222 663 3286 vitae
677 3241 742 3285 non
758 3219 861 3301 magis
883 3218 1064 3302 praedicari
1086 3221 1187 3304 possit
1209 3240 1305 3302 quam
1326 3222 1460 3303 grundul

332 3320 400 3384 vita
431 3320 472 3385 de
501 3319 724 3399 diuturnitate,
758 3318 806 3381 vir
834 3318 890 3382 ille
918 3315 1120 3383 doctissimus
1147 3317 1301 3400 vegrandi
1330 3325 1387 3381 aut
1415 3318 1459 3383 ad

332 3436 450 3481 nomeu
472 3415 602 3496 aliquod
624 3435 735 3481 versus
756 3414 955 3495 insequentis
976 3413 1177 3479 referendum
1202 3433 1273 3479 esse
1295 3415 1460 3481 existimat

334 3520 376 3587 (u.
399 3531 429 3593 g.
459 3514 603 3594 corpore)
633 3518 689 3576 aut
717 3512 889 3593 legendum
923 3511 1095 3593 ucgruudts.
1153 3510 1267 3575 Utrum
1295 3511 1460 3592 praeferas

334 3608 421 3674 haud
444 3608 578 3673 multum
600 3608 743 3689 interest,
767 3615 852 3674 certe
874 3608 1002 3690 quidem
1019 3626 1060 3671 ex
1081 3606 1261 3688 fragmento
1282 3607 1339 3672 illo
1362 3608 1460 3689 signi·

333 3706 491 3771 ficationis
522 3704 659 3770 intentio
692 3704 799 3786 colligi
832 3709 923 3770 nulla
954 3710 1075 3786 potest,
1118 3704 1319 3786 grammatici
1351 3711 1460 3770 autem

333 3804 455 3867 utinam
478 3822 519 3867 ne
542 3803 705 3884 graviores
728 3822 851 3868 errores
880 3801 1078 3867 admiserint.
1123 3802 1228 3866 Minus
1252 3801 1350 3866 dubia
1370 3801 1460 3869 vide-

334 3906 384 3964 tur
412 3899 573 3967 intensiva
602 3899 789 3981 significatio
819 3900 908 3981 apud
936 3898 999 3963 (lie.
1030 3899 1071 3965 de
1099 3901 1161 3981 leg
1191 3919 1258 3981 agr.
1281 3900 1312 3962 II
1336 3902 1392 3980 34,
1418 3902 1459 3964 95

334 3995 537 4076 (Considium)
561 4007 618 4060 ..'.
641 3996 791 4058 homiuem
822 3998 919 4059 macie
948 3997 1102 4058 turudum
1124 3996 1276 4078 tregruudt'
1295 3997 1351 4061 ubi
1372 4004 1461 4063 reete

334 4093 532 4158 Ribbeekius
553 4095 706 4175 uepruudu'
724 4113 781 4175 per
796 4094 922 4157 litoteta
938 4092 1001 4157 dici
1024 4092 1186 4158 existimat
1201 4091 1258 4157 sed
1274 4112 1334 4157 nec
1355 4090 1460 4176 magis

334 4210 394 4257 uec
423 4190 526 4254 minus
561 4190 667 4256 litotes
696 4190 889 4271 conspicitur
922 4209 1017 4270 quam
1045 4189 1085 4254 iis
1115 4188 1263 4254 omnibus
1296 4189 1376 4254 loeis
1403 4192 1461 4256 ubi

335 4294 383 4352 est
405 4287 511 4368 exilis,
541 4288 685 4368 gracilis,
716 4287 831 4352 tenuis.
876 4286 1053 4351 Cumulatis
1082 4286 1247 4350 vocabulis
1269 4289 1460 4371 synonymis
