3575 5334
382 690 403 751 8
896 692 995 746 Clemm

381 865 440 946 vir,
456 866 686 931 Lobeckius
701 867 733 930 in
750 865 975 932 dissertatione
991 866 1096 947 prima
1111 864 1152 929 de
1167 866 1326 947 prostbcsi
1342 873 1374 929 et
1388 866 1508 947 aphae-

380 962 444 1029 resi
476 970 530 1035 (ε
553 963 640 1045 path.
670 982 763 1027 serm.
794 962 848 1028 Gr.
878 964 971 1027 elem.
998 963 1018 1025 l
1044 967 1081 1026 13
1104 970 1185 1045 sqq.)
1218 963 1251 1027 in
1285 963 1505 1027 difficillimam

380 1058 465 1124 hanc
494 1060 713 1141 quaestionem
741 1060 916 1142 inquireret
943 1067 976 1123 et
1002 1059 1260 1142 probabilissima
1289 1060 1507 1142 disputatione

381 1157 574 1236 ostenderet,
598 1178 692 1238 quam
709 1156 841 1222 infirmis
863 1156 1080 1221 fundamentis
1102 1163 1201 1221 totum
1224 1156 1305 1221 illud
1328 1155 1503 1238 praefixum

380 1255 533 1321 niteretur
556 1262 588 1319 ct
602 1263 743 1336 quantae
765 1253 970 1320 difficultates
993 1254 1150 1337 exemplis
1172 1276 1192 1318 a
1215 1252 1412 1319 Doederlino
1434 1275 1505 1336 pro·

379 1352 454 1417 latis
483 1353 657 1419 obstarent.
702 1352 768 1418 Sed
791 1353 831 1416 ab
855 1353 916 1416 hac
935 1352 1156 1433 disputatione
1181 1360 1305 1417 tantum
1327 1351 1431 1415 abfuit
1460 1358 1504 1429 ut,

379 1449 434 1530 qui
469 1456 568 1514 totam
601 1452 819 1529 quaestionem
854 1448 897 1513 ad
930 1457 1048 1514 certum
1086 1449 1246 1530 quendam
1280 1449 1400 1514 exitum
1435 1468 1504 1531 per-

379 1544 495 1611 ducere
518 1546 654 1623 vellent,
678 1546 967 1630 proficiscerentur,
991 1555 1025 1610 ut
1047 1548 1099 1611 vel
1123 1548 1159 1627 ii,
1188 1546 1241 1628 qui
1262 1546 1503 1628 grammaticam

378 1643 629 1724 comparativam
665 1642 853 1709 didicissent
887 1645 920 1706 in
954 1644 1024 1708 dies
1057 1652 1132 1708 tunc
1165 1644 1267 1726 magis
1305 1642 1503 1708 efflorescen-

377 1745 461 1820 tem,
490 1746 614 1805 veteres
644 1741 717 1805 illos
746 1760 869 1806 errores
900 1759 1018 1806 exuere
1048 1742 1179 1807 nollent.
1235 1741 1394 1805 Pbttius
1423 1742 1504 1824 ipse,

372 1830 454 1902 licet
476 1836 646 1919 Hartungii
679 1839 926 1921 explicationem
955 1839 1088 1903 minime
1115 1839 1369 1921 amplecteretur,
1403 1839 1507 1921 alpha

377 1940 486 1999 tamen
518 1935 712 2000 intensivum
743 1957 761 2000 e
789 1936 948 2017 privativo
980 1945 1083 2000 ortum
1112 1956 1183 2002 esse
1210 1956 1275 2000 non
1305 1936 1408 2001 solum
1437 1956 1503 1999 non

377 2032 519 2113 negabat
547 2032 605 2097 sed
633 2033 816 2098 etiamnunc
845 2032 990 2097 defendit
1019 2035 1144 2099 collatis
1172 2033 1344 2099 Sanscritis
1375 2033 1507 2114 quibus·

378 2126 452 2193 dam
477 2130 646 2211 exemplis,
676 2150 758 2212 quae
781 2131 891 2213 paullo
914 2132 1009 2196 aliter
1031 2137 1216 2213 comparata
1239 2149 1309 2196 esse
1332 2131 1417 2195 infra
1438 2130 1506 2197 elu-

377 2225 470 2291 cebit.
515 2227 664 2310 Plerique
697 2249 776 2295 sane
806 2229 1022 2311 grammatici,
1056 2230 1106 2309 qui
1142 2228 1269 2310 quidem
1299 2248 1384 2293 nunc
1417 2236 1504 2309 sunt,

378 2321 594 2390 dubitationes
609 2346 629 2389 a
643 2327 808 2392 Lobeckio
824 2327 981 2391 excitatas
1003 2346 1068 2390 non
1090 2324 1264 2408 aspernati,
1288 2344 1359 2389 cum
1381 2327 1502 2408 passim

376 2440 416 2486 ea
438 2421 606 2501 vocabula,
630 2421 745 2504 quibus
766 2424 867 2506 alpha
889 2424 1084 2487 intensivum
1107 2423 1239 2487 subesse
1262 2420 1384 2501 dicitur,
1407 2425 1504 2490 attin·

376 2525 499 2600 gerent,
527 2521 579 2584 vel
602 2518 731 2585 omnino
754 2521 934 2585 fabulosum
957 2519 990 2584 id
1014 2538 1086 2585 esse
1107 2525 1300 2585 censuerunt
1321 2519 1373 2584 vel
1394 2520 1502 2586 fictum

375 2637 396 2680 a
424 2614 586 2681 veteribus
615 2617 848 2697 grammaticis,
881 2616 938 2681 alii
966 2623 1078 2681 contra
1100 2636 1120 2680 a
1141 2625 1183 2693 {se
1210 2616 1383 2699 impetrare
1411 2618 1504 2683 nullo

376 2719 470 2796 pacto
502 2719 688 2795 potuerunt,
722 2722 756 2778 ut
785 2714 884 2797 alpha
912 2714 1106 2779 intensivum
1134 2733 1264 2795 prorsus
1292 2713 1504 2781 dimitterent.

376 2808 485 2889 Quid?
508 2808 593 2890 quod
609 2810 782 2876 acerrimus
797 2813 867 2894 ejus
882 2810 1006 2877 exstitit
1029 2817 1183 2893 patronus
1205 2810 1235 2875 J.
1251 2810 1503 2879 Savelsber-

374 2907 481 2989 gius,
506 2925 576 2970 cum
599 2910 798 2988 „quaestion
814 2908 902 2974 lexil.
918 2907 959 2973 de
974 2907 1074 2990 epitb.
1091 2908 1205 2971 Hom.“
1229 2909 1390 2990 (Aquisgr.
1406 2903 1500 2987 1861)

338 3015 340 3018 ’
375 3024 504 3087 prorsus
538 3023 653 3068 novam
689 3004 874 3088 explicandi
902 3007 988 3070 viam
1020 3004 1184 3086 ingressus
1215 3003 1390 3087 praefixum
1420 3006 1501 3073 illud

374 3100 615 3168 fallacissimum
644 3102 686 3165 ad
709 3101 906 3167 Sanscritum
935 3102 981 3164 uti
1006 3108 1173 3168 revocaret
1197 3100 1341 3167 Graecae
1368 3103 1503 3186 linguae

373 3199 471 3264 variis
493 3198 603 3264 formis
626 3198 881 3264 vindicandum?
918 3199 1011 3263 Hunc
1033 3198 1176 3263 libellum
1198 3197 1366 3280 ignorasse
1387 3199 1500 3267 viden·

374 3302 424 3360 tur
445 3296 665 3377 Toblerus,
689 3296 730 3362 de
759 3316 899 3379 compos.
928 3297 1040 3360 vocab.
1064 3296 1181 3371 (Berol.
1208 3298 1302 3368 1868)
1324 3316 1356 3377 p.
1382 3301 1443 3371 108
1466 3304 1502 3364 et

373 3391 629 3474 Kuehnerus,
668 3414 802 3476 gramm.
834 3394 932 3476 ampl.
965 3393 1004 3456 1²
1036 3414 1067 3475 p.
1090 3395 1163 3470 742,
1200 3412 1333 3474 quorum
1366 3401 1502 3478 uterque

373 3490 585 3571 Hartungium
609 3502 736 3555 secutus
759 3489 864 3555 denuo
886 3490 929 3554 ad
947 3491 1047 3573 alpha
1065 3490 1281 3573 copulativum
1303 3492 1501 3576 confugerim

373 3586 449 3669 quin
465 3586 658 3652 Kuehnerus
673 3607 715 3652 ne
730 3587 894 3652 Lobeokiu
910 3587 1038 3668 quidem
1061 3587 1193 3653 laudato
1216 3588 1324 3652 omnia
1346 3591 1501 3673 exempla

372 3683 489 3766 repetit
510 3703 531 3747 a
553 3684 749 3749 Doederlino
772 3704 940 3766 perperam
964 3684 1120 3768 exposita.

458 3779 629 3859 Quaeritur
656 3782 752 3863 igitur
780 3787 856 3845 ante
886 3780 1010 3860 omnia,
1044 3802 1120 3845 num
1153 3782 1254 3864 alpha
1281 3781 1362 3847 illud
1394 3783 1501 3850 inten-

300 3926 302 3929 -
372 3876 476 3942 sivum
498 3884 555 3942 aut
576 3899 617 3944 ex
639 3877 738 3960 alpha
760 3878 929 3961 privativo,
952 3886 987 3942 ut
1005 3879 1128 3945 Pottius
1149 3880 1227 3961 vult,
1249 3885 1305 3944 aut
1327 3898 1345 3944 e
1367 3882 1500 3963 copula·

371 3972 455 4053 tivo,
491 3980 526 4038 ut
557 3974 714 4041 Toblerus
749 3975 1004 4057 Kuehnerusque
1036 3982 1194 4057 statuunt,
1234 3976 1363 4040 omnino
1396 3977 1501 4059 possit

372 4068 538 4153 explicari.
582 4071 644 4150 Qui
673 4071 763 4137 illam
786 4074 977 4138 sententiam
1000 4080 1191 4156 sequuntur,
1223 4081 1258 4137 ut
1281 4074 1500 4141 Doederlinus

372 4166 414 4232 dc
446 4166 547 4248 alpha
575 4169 632 4233 int.
661 4190 692 4252 p.
717 4172 757 4232 24
786 4177 817 4236 et
846 4170 1069 4251 Hennickeus,
1103 4169 1212 4235 sched.
1242 4178 1283 4235 et.
1313 4192 1344 4253 p.
1370 4175 1390 4235 2
1414 4192 1495 4255 sqq,

371 4264 446 4331 licet
473 4266 692 4348 exemplorum
723 4284 794 4329 cum
822 4267 1009 4332 Latinorum
1037 4276 1103 4331 tum
1126 4267 1387 4333 Germanicorum
1415 4270 1499 4335 satis
