3575 5334
418 670 461 728 42
934 670 1034 725 Clemm

418 853 497 912 aute
518 844 618 927 liquid
702 844 852 926 qnoniam
875 852 991 908 natura
1013 865 1071 909 sua
1093 844 1257 911 vocalibus
1281 842 1437 911 finitimae
1459 852 1542 924 suut,

419 943 546 1009 facilius
570 962 627 1026 pro
684 942 734 1006 sin
757 950 925 1023 exspectes
954 962 1049 1023 quam
1073 949 1148 1007 ante
1170 942 1370 1024 explosivas‚
1403 948 1436 1007 et
1458 941 1544 1028 quod

417 1040 657 1124 exspectaveris
685 1038 839 1104 iuvenies.
886 1038 948 1104 Ubi
977 1047 1084 1104 amen
1114 1040 1164 1104 bis
1193 1059 1318 1121 quoque
1346 1040 1544 1122 protheticae

420 1140 548 1203 vocales
576 1136 786 1216 antecedunt,
821 1137 954 1200 multum
984 1137 1094 1216 refert,
1129 1145 1231 1202 utrum
1262 1136 1452 1219 explosivae
1481 1138 1545 1202 sint

419 1236 546 1301 mediae
573 1255 617 1299 an
645 1241 768 1299 tenues.
814 1232 891 1299 Cum
922 1233 985 1298 illis
1014 1235 1114 1317 cuim,
1150 1236 1265 1317 quibus
1293 1254 1410 1301 vocem·
1437 1235 1545 1301 inesse

418 1334 544 1418 physici
577 1332 707 1413 docent,
741 1332 870 1396 vocales
903 1332 1104 1412 cognationis
1137 1332 1276 1414 quodam
1309 1332 1437 1396 vinculo
1473 1352 1545 1396 cou-

413 1431 549 1514 junctae
581 1436 670 1511 sunt,
705 1428 746 1492 ab
780 1428 829 1494 bis
862 1449 991 1512 prorsus
1018 1429 1156 1495 alienae.
1202 1429 1283 1494 Inde
1316 1428 1543 1511 explicandum

419 1535 469 1593 est
505 1527 589 1609 quod
627 1546 723 1590 unum
763 1525 983 1590 tautummodo
1027 1534 1146 1591 certum
1195 1528 1377 1609 exemplum
1417 1524 1545 1592 Curtius

418 1625 534 1691 afferre
563 1623 667 1707 potuit
694 1623 748 1687 ubi
776 1630 852 1689 aute
880 1648 899 1686 κ
929 1642 1101 1688 consonam
1132 1630 1180 1689 cst
1205 1625 1327 1689 vocalis
1356 1624 1544 1705 prothetica,

418 1731 496 1788 ante
524 1746 543 1785 a
571 1727 603 1787 et
631 1746 658 1784 a
685 1721 794 1786 literas
823 1740 979 1802 nusquam
1008 1741 1047 1786 ea
1074 1721 1260 1807 invenitur.¹
1297 1720 1410 1799 Vides,
1444 1720 1472 1785 si
1501 1722 1546 1785 ita

418 1827 566 1885 naturam
594 1819 724 1901 linguae
753 1818 853 1901 ipsius
875 1827 1019 1901 spectas,
1050 1838 1145 1900 quam
1175 1819 1327 1884 nonalia
1355 1825 1545 1902 exspectare

419 1918 523 2001 possis
544 1923 641 1999 atque
661 1916 695 1980 in
718 1936 757 1982 ca
779 1918 910 1999 reperis.

344 2094 347 2101 Ι
504 2014 625 2079 Senum
656 2014 746 2078 illum
781 2013 884 2079 vocali
916 2014 1052 2079 similem
1085 2015 1153 2079 sive
1187 2021 1221 2077 ut
1256 2019 1332 2095 apte
1369 2010 1545 2077 (lorssenus

420 2111 498 2177 dicit
525 2112 669 2176 vocalem
703 2112 919 2176 irrationalem
949 2112 1104 2176 incertam
1137 2111 1250 2192 fuisse,
1284 2111 1471 2194 prinsquam
1502 2110 1543 2175 ad

418 2211 549 2292 plenam
571 2228 667 2274 verae
690 2208 810 2274 vocalis
832 2228 942 2273 vocem
959 2215 1163 2287 accresceret,
1186 2228 1256 2273 cum
1275 2229 1315 2273 ex
1337 2208 1377 2274 iis
1399 2207 1544 2289 intellegi

419 2313 525 2391 potest
559 2326 642 2389 quae
670 2304 765 2370 modo
795 2304 836 2368 de
865 2306 989 2387 origine
1018 2306 1087 2387 ejus
1119 2306 1266 2389 exposita
1294 2312 1368 2370 sunt
1403 2312 1470 2370 tum
1504 2324 1543 2370 cx

417 2405 520 2489 ipsius
556 2403 752 2483 diversitate,
789 2402 858 2467 sive
894 2423 992 2468 uuam
1028 2404 1170 2485 linguam
1203 2408 1440 2485 perscrutamur
1475 2402 1542 2466 sive

418 2504 536 2586 plures.
587 2500 671 2579 Quid
700 2499 799 2564 vero?
844 2519 908 2580 qua
937 2501 1060 2566 ratione
1089 2507 1154 2564 tam
1183 2501 1337 2566 incertum
1364 2520 1478 2565 sonum
1501 2498 1542 2565 ad

419 2600 564 2664 diversas
579 2598 708 2662 vocales
723 2597 901 2662 accrevisse
916 2598 1127 2663 censeamus?
1152 2598 1229 2662 Tria
1243 2597 1377 2679 cogitari
1393 2604 1540 2679 possunt:

418 2696 541 2761 vocalis
569 2694 654 2759 enim
683 2694 862 2777 prothetica
889 2700 944 2759 aut
972 2696 1014 2760 ad
1037 2703 1184 2760 naturam
1216 2694 1349 2759 initialis
1381 2713 1540 2762 consonae

419 2813 477 2859 cx·
496 2790 651 2858 affinitate
686 2791 825 2872 quadam
866 2792 1018 2858 interiore
1054 2812 1125 2858 sese
1167 2792 1344 2874 applicavit
1381 2799 1438 2857 aut
1474 2812 1541 2875 pro·

418 2892 563 2974 gressiva
604 2889 835 2955 assimilatione
886 2889 1030 2954 vocalem
1073 2891 1219 2973 syllabae
1260 2890 1394 2954 initialis
1435 2898 1541 2955 secuta

419 2994 468 3053 cst
490 2994 546 3051 aut
573 2985 711 3068 denique
740 2986 882 3051 neutrius
912 2987 982 3051 soni
1012 2987 1240 3069 propinquitati
1267 2986 1411 3052 debetur.
1457 2988 1540 3052 Haec

418 3086 526 3151 omnia
553 3084 628 3150 licet
649 3084 830 3149 observare.
874 3086 925 3148 Au
954 3103 1030 3149 casu
1052 3083 1169 3148 sactum
1192 3103 1263 3149 csse
1285 3090 1380 3165 putas
1403 3085 1487 3166 quod
1509 3084 1540 3148 in

418 3183 595 3266 posteriorc
616 3182 727 3263 lingua
743 3181 859 3247 Latina
881 3187 958 3246 aute
979 3203 995 3242 s
1017 3180 1217 3263 potissimum
1240 3182 1366 3246 literam
1382 3183 1396 3243 ι’
1411 3182 1539 3263 vocalis,

417 3302 482 3346 non
512 3280 579 3344 alia
611 3279 752 3345 nascitur·
784 3279 818 3343 iu
847 3278 1012 3344 vocabulis
1040 3278 1184 3361 iscriptu,
1220 3279 1354 3362 aspicito,
1395 3280 1539 3341 istotorum

417 3376 535 3439 Isticbo
572 3376 668 3441 aliis?
723 3396 805 3457 quac
834 3383 927 3443 recte
960 3374 1150 3455 Corsseuus,
1190 3374 1229 3440 de
1268 3394 1369 3457 pron,
1408 3382 1538 3457 accunt,
1569 3409 1582 3417 -

418 3473 520 3538 vocal.
543 3474 563 3536 l.
587 3473 657 3536 Lat.
680 3471 729 3536 11²
748 3476 809 3538 268
822 3492 890 3555 sqq.
913 3474 959 3537 ita
980 3473 1130 3555 explicat,
1154 3472 1243 3535 utin
1265 3494 1280 3533 s
1302 3471 1446 3537 sibilanti
1469 3494 1540 3538 con·

417 3590 499 3635 sona
530 3575 683 3649 tanquam
712 3588 822 3634 semen
855 3570 991 3652 positum
1020 3571 1120 3634 latere
1148 3576 1267 3634 statuat
1295 3568 1503 3636 tenuissimae
1530 3570 1543 3630 ι’
1554 3605 1562 3616 -

418 3665 539 3731 vocalis
562 3684 644 3746 quae
667 3665 762 3730 ctiam
786 3667 818 3730 in
841 3688 858 3727 e
881 3666 1044 3732 debilitari
1066 3666 1169 3748 potuit
1191 3668 1280 3731 velut
1301 3666 1333 3731 iu
1357 3666 1540 3733 Romanicis

419 3764 547 3845 linguis.
592 3760 638 3825 cf.
664 3763 757 3827 Prov.
787 3762 917 3842 estable,
948 3764 1148 3844 Francogall.
1178 3763 1300 3846 erpone,
1330 3763 1397 3825 vitot
1423 3768 1539 3845 (estat),

417 3860 509 3924 rituale
530 3858 676 3939 testudo),
702 3859 826 3926 similia.

503 3956 596 4036 Quod
627 3956 804 4038 prothetica
833 3958 954 4023 vocalis
981 3977 1046 4021 non
1075 3977 1147 4020 raro
1176 3958 1280 4023 vocali
1308 3958 1456 4039 syllabae
1483 3959 1541 4023 ini-

417 4055 503 4121 tialis
525 4054 713 4119 assimulata
736 4063 793 4136 est,
817 4074 835 4120 e
857 4056 969 4136 lingua
991 4054 1136 4118 Bactrica
1158 4052 1298 4119 maxime
1320 4060 1353 4120 et
1376 4075 1393 4120 e
1418 4055 1540 4121 Graeca

418 4153 521 4218 elucet
557 4171 689 4234 quarum
724 4151 756 4216 iu
790 4152 846 4216 illa
873 4172 891 4212 r
920 4169 1081 4216 consonae
1116 4157 1209 4232 prout
1236 4157 1292 4215 aut
1320 4151 1333 4211 τ’
1359 4158 1415 4217 aut
1445 4174 1465 4215 c
1494 4173 1539 4219 se·

415 4249 522 4331 quitur
551 4267 609 4314 eae
637 4249 764 4314 vocales
793 4247 1002 4328 antecedunt,
1036 4246 1074 4312 cl.
1097 4245 1267 4329 im'tbjcitbr'
1295 4248 1412 4327 (ubist),
1447 4250 1539 4313 trist-
