3575 5334
615 689 620 710 ⁸
640 686 673 741 de
691 686 807 741 dialecto
826 685 918 739 Attica
937 684 1091 740 vetustiore.
1127 685 1148 738 I.
1397 682 1458 742 237

330 858 364 922 in
387 859 500 943 primis
521 860 690 939 articulus,
714 858 810 924 etiam
833 858 1082 941 scripturatum
1105 860 1270 924 vocabulis
1292 858 1460 941 insequen-

331 959 417 1024 tibus
440 964 656 1033 conectuntur.
701 962 733 1022 et
756 953 1031 1021 assimulationern'
1054 955 1182 1037 quidem
1204 963 1458 1041 consonantium,

331 1075 416 1138 quae
438 1058 472 1121 in
495 1055 702 1121 commissura
723 1054 835 1118 talium
858 1052 1083 1119 vocabulorum
1100 1054 1288 1136 saepissime
1310 1057 1353 1136 fit,
1376 1058 1460 1123 inira

331 1153 495 1236 tractab03
518 1154 580 1219 hoc-
600 1158 706 1218 autem
730 1153 810 1233 loco,
834 1171 896 1233 quo
912 1150 953 1216 de
968 1152 1080 1233 spiritu
1094 1157 1207 1234 aspero
1224 1154 1338 1236 agitur,
1362 1157 1458 1221 etiam

332 1250 412 1315 illud
442 1250 582 1334 accedit,
611 1250 695 1333 quod
724 1248 828 1315 vocali
858 1248 1017 1313 terminali
1047 1250 1294 1332 praepositionis
1325 1253 1405 1319 elisa
1427 1262 1459 1320 et

332 1348 447 1432 spiritu
478 1368 536 1432 per
564 1350 801 1414 commissuram
831 1347 873 1412 ad
909 1347 1138 1428 aspirationem
1170 1351 1376 1416 consonantis
1407 1370 1459 1417 ex-

332 1446 480 1530 plosivae
501 1446 633 1512 traiecto
656 1453 722 1512 tam
744 1451 865 1510 arctum
888 1445 1052 1508 vinculum
1068 1444 1187 1509 tactum
1210 1452 1258 1511 est
1279 1447 1362 1513 inter
1385 1448 1457 1531 duo,

332 1563 417 1625 quae
439 1563 474 1610 se
497 1544 669 1627 excipiunt,
698 1544 866 1623 vocabula,
896 1548 931 1606 ut
953 1542 1083 1624 spiritus
1105 1549 1213 1607 notam
1237 1550 1309 1626 post
1331 1545 1458 1611 literam

332 1642 508 1724 aspiratam
532 1640 637 1708 denuo
659 1641 798 1707 scribere
826 1659 1100 1724 supervacaneum
1123 1641 1174 1705 sit.
1218 1660 1323 1723 neque
1344 1642 1459 1709 inutile

332 1740 460 1804 videtur
481 1738 523 1804 ad
545 1738 770 1805 illustrandam
793 1745 892 1803 totam
914 1736 998 1802 hanc
1016 1738 1171 1803 rationem
1194 1739 1309 1805 afferre
1331 1760 1458 1806 versum

333 1837 510 1918 quendam,
540 1857 633 1919 quem
663 1836 726 1908 iam
757 1856 853 1921 supra
882 1837 1129 1900 commemoravi
1158 1840 1267 1917 4427
1297 1857 1338 1903 ex
1367 1839 1458 1903 titulo

333 1934 504 2019 sepulcrali
530 1934 565 2000 in
594 1935 746 1999 honorem
780 1933 896 1998 civium
925 1932 1185 2014 Atheniensium,
1220 1935 1274 2016 qui
1303 1934 1345 1999 ad
1375 1936 1459 2000 Poti-

334 2032 447 2097 daeam
471 2031 520 2097 Ol.
544 2035 595 2112 87,
621 2036 635 2094 1
666 2030 824 2096 interfecti
848 2034 954 2110 erant,
984 2030 1085 2095 tribus
1111 2031 1306 2097 carminibus
1329 2040 1458 2117 ornato,

333 2130 365 2194 in
389 2150 522 2211 quorum
544 2130 646 2194 altero
669 2129 749 2194 haec
771 2133 915 2193 exstant:

375 2264 510 2350 ἐχθρῶν
527 2262 560 2329 δ’
579 2263 613 2328 οἲ
632 2264 694 2346 μὲν
711 2261 824 2343 ἔχουσι
838 2257 948 2348 τάφου
964 2265 1078 2345 μέρος,
1102 2256 1145 2339 ὃ[ὶ
1170 2261 1206 2328 δὲ
1230 2264 1414 2351 φυγόντεςΙ.

332 2402 363 2466 in
387 2402 448 2466 hoo
469 2420 564 2467 versu
586 2400 654 2465 sola
682 2399 773 2464 elisio
797 2422 812 2461 e
836 2398 958 2463 vocalis
981 2417 1077 2462 causa
1102 2397 1176 2479 fuit,
1205 2418 1260 2463 cur
1289 2402 1327 2466 inr
1351 2404 1457 2485 priore

322 2499 369 2564 'oi'
388 2504 467 2563 nota
489 2498 618 2581 spiritus
641 2496 854 2574 omitteretur,
878 2514 962 2577 quae
984 2515 1049 2559 non
1071 2496 1175 2560 solum
1196 2498 1230 2561 in
1252 2497 1354 2563 altero
1377 2500 1458 2565 eius·

332 2597 406 2661 dem
429 2595 578 2660 vocabuli
600 2594 764 2676 exemplo,
797 2593 854 2658 sed
885 2593 982 2658 etiarn
1011 2593 1084 2657 aliis
1106 2592 1185 2658 loeis
1213 2595 1247 2658 in
1276 2595 1336 2660 hoc
1365 2597 1457 2661 titulo

332 2695 451 2777 scripta
473 2701 532 2758 est.
576 2692 661 2773 quod
684 2694 806 2774 sipost
830 2688 1014 2771 obteram,
1038 2710 1120 2771 quae
1141 2676 1369 2774 aspirationem
1392 2715 1458 2759 non

331 2789 537 2870 admittebat,
567 2791 613 2854 ita
635 2790 751 2854 iactum
775 2796 839 2870 est,
871 2788 970 2852 multo
999 2788 1102 2869 magis
1128 2789 1163 2852 in
1186 2787 1286 2854 literis
1309 2792 1458 2857 tenuibus

331 2888 415 2953 hanc
436 2888 593 2953 rationem
616 2888 758 2952 valuisse
779 2892 1029 2951 consentaneum
1054 2893 1112 2950 est.

416 2998 467 3062 Ex
488 2997 617 3080 tabulis,
640 3016 719 3079 quas
743 3016 839 3079 snpra
861 2995 1023 3078 proposui,
1045 2995 1207 3061 luculente
1229 3005 1363 3079 apparet
1385 3018 1458 3063 con-

331 3094 531 3160 suetudinem
563 3094 772 3177 lapicidarum
805 3093 981 3157 Atticorum
1012 3092 1046 3156 in
1079 3097 1156 3156 nota
1189 3093 1319 3175 spiritus
1351 3096 1457 3177 asperi

331 3199 387 3256 aut
409 3191 580 3257 scribenda
602 3198 656 3255 aut
678 3191 856 3255 omittenda
878 3189 956 3254 satis
979 3188 1033 3252 diu
1056 3190 1254 3270 multumque
1275 3188 1456 3256 fluctuasse.

332 3308 426 3369 quarn
451 3289 580 3354 obrem
604 3308 797 3371 quamquam
821 3288 928 3351 mirari
951 3306 1015 3350 non
1038 3305 1222 3368 possumus,
1252 3286 1456 3368 quodetiam

330 3386 413 3451 falso
435 3387 561 3468 positae
577 3386 602 3446 Η
619 3386 732 3451 literae
755 3387 905 3467 exempla
928 3389 1065 3464 exstant,
1088 3390 1196 3448 tamen
1215 3383 1356 3449 cautiore
1377 3383 1458 3448 iudi-

331 3484 379 3547 cio
402 3484 436 3546 in
459 3484 520 3547 hac
542 3502 576 3548 re
598 3503 678 3565 opus
701 3489 759 3562 est,
783 3483 857 3565 qnia
879 3487 1002 3546 constat
1024 3481 1146 3545 Atticos
1168 3481 1214 3545 ita
1237 3479 1457 3559 ὁασυντικούς

331 3580 448 3659 fuisse,
479 3579 567 3645 utin
589 3581 697 3645 multis
725 3578 891 3645 vocabulis
920 3579 1065 3661 spiritum
1097 3598 1244 3662 asperum
1274 3580 1457 3662 pronuntia·

332 3684 411 3758 rent,
435 3678 468 3740 in
492 3678 606 3759 quibus
628 3685 753 3742 ceterae
776 3676 905 3741 dialecti
928 3678 1033 3740 lenem
1057 3675 1223 3740 baberent.
1268 3677 1327 3740 hoc
1349 3682 1455 3741 autern

332 3776 436 3839 minus
473 3775 515 3839 ad
552 3776 749 3841 literaturam
789 3774 1030 3856 inscriptionum
1070 3774 1245 3837 Atticarum
1282 3794 1377 3855 quam
1415 3773 1456 3838 ad

333 3871 548 3952 phoneticam,
574 3873 601 3937 si
624 3873 698 3937 licet
719 3892 803 3936 novo
825 3872 983 3935 vocabulo
1005 3871 1061 3949 uti,
1092 3870 1190 3935 totius
1213 3870 1341 3935 dialecti
1364 3871 1458 3936 ratio-

333 3987 407 4032 nem
430 3969 589 4049 pertinere
603 3989 673 4034 curn
692 3969 786 4034 facile
801 3969 1017 4050 intellegatur,
1042 3969 1191 4050 exempla
1207 3967 1336 4049 spiritus
1352 3969 1457 4048 asperi

333 4085 389 4146 pro
418 4066 484 4129 leni
513 4067 609 4148 positi
639 4066 681 4131 ad
711 4067 919 4150 posteriorem
948 4067 1185 4148 quaestionem,
1219 4083 1300 4145 quac
1330 4064 1389 4128 erit
1417 4063 1458 4129 de

334 4164 583 4229 consonantibus
610 4165 652 4228 ab
679 4164 930 4228 Atheniensibus
958 4169 1013 4227 aut
1040 4162 1170 4226 mutatis
1200 4166 1254 4225 aut
1283 4160 1457 4240 antiquitus

334 4259 482 4342 servatis,
516 4260 685 4326 referenda
717 4267 799 4325 sunt.
854 4280 937 4345 unus
973 4268 1080 4323 tamen
1118 4260 1178 4322 hoc
1214 4258 1303 4341 loco
1323 4277 1459 4325 comme·
