3575 5334
387 704 429 762 54
900 699 1001 755 Clemm

388 872 481 961 ἀχήν.
526 874 627 939 Nobis
649 872 748 955 alpha
770 871 983 955 protheticum
1006 891 1077 937 esse
1099 869 1240 950 videtur,
1269 872 1330 938 nisi
1353 873 1423 954 quis
1445 894 1512 937 ma-

387 972 457 1035 vult
485 991 556 1036 esse
583 969 868 1054 praepositiouale,
898 990 972 1034 nam
1003 989 1043 1034 ex
1068 964 1213 1053 ἀγχανής
1242 970 1262 1032 i.
1286 989 1313 1034 e.
1342 965 1511 1055 ἀναχανής

387 1067 438 1131 cui
460 1068 705 1151 praepositionis
727 1066 916 1149 significatio
938 1088 1032 1149 quam
1056 1066 1195 1131 maxime
1216 1066 1366 1131 convenit
1387 1062 1512 1151 ἀχανής

386 1163 475 1229 nasci
503 1166 605 1248 potuit
636 1164 740 1230 nasali
773 1184 916 1230 consona
948 1164 1037 1229 elisa.
1091 1163 1209 1228 Verum
1242 1162 1406 1228 enimvero
1444 1184 1512 1228 non

386 1279 456 1324 sum
485 1262 611 1328 nescius
639 1262 672 1325 in
700 1260 758 1325 tali
786 1261 971 1343 conjectura
999 1280 1123 1324 summa
1148 1260 1295 1324 cautione
1325 1279 1404 1341 opus
1429 1278 1512 1324 esse.

471 1358 560 1423 Haec
587 1367 661 1424 sunt
689 1359 838 1440 exempla
865 1358 899 1421 in
927 1357 1041 1439 quibus
1069 1356 1169 1440 alpha
1195 1355 1406 1439 protheticum
1428 1355 1513 1423 falso

386 1475 443 1536 pro
471 1455 631 1521 intensive
654 1455 850 1522 venditatum
880 1461 944 1534 est,
974 1456 1075 1519 multo
1098 1455 1192 1536 plura
1213 1458 1287 1518 sunt
1308 1472 1347 1517 ea
1377 1472 1535 1534 quorum.

385 1552 528 1635 praefixo
556 1555 706 1636 negativo
736 1551 861 1634 decepti
889 1551 941 1616 vel
964 1558 1089 1617 veteres
1111 1553 1163 1617 vel
1191 1550 1385 1616 recentiores
1406 1572 1515 1632 gram·

386 1649 494 1714 matici
517 1650 637 1716 similes
659 1652 692 1715 in
716 1672 838 1719 errores
860 1652 1050 1718 inciderunt.

624 2040 666 2103 ΙΙ.
710 2041 854 2105 ALPHA
883 2038 1155 2104 PRIVATIVUM
1178 2038 1267 2104 EST.

470 2232 520 2295 Ex
548 2232 588 2298 iis
617 2254 698 2316 quae
731 2254 828 2316 supra
856 2232 898 2298 de
923 2234 1045 2315 origine
1078 2253 1117 2297 ac
1149 2238 1264 2296 natura
1294 2232 1395 2315 alpha
1423 2233 1512 2315 quod

384 2329 470 2393 male
501 2338 633 2395 vocatur
667 2331 817 2415 privativi
852 2331 1057 2413 exposuimus
1096 2330 1220 2395 facilius
1253 2348 1347 2413 spero
1383 2330 1513 2397 intelle·

385 2432 467 2490 ctum
501 2426 540 2490 iri
566 2447 605 2492 ea
632 2428 791 2492 vocabula
826 2447 909 2509 quac
936 2428 978 2492 ab
1008 2427 1168 2492 intensive
1197 2425 1339 2509 praefixo
1367 2428 1512 2510 incipere

384 2524 437 2588 vel
464 2523 639 2603 aliquando
669 2524 754 2589 dieta
782 2530 855 2588 sunt
883 2525 936 2589 vel
966 2524 1113 2588 dicuntur
1141 2525 1334 2589 etiamnunc.
1384 2523 1512 2606 Cogno-

383 2621 487 2684 vimus
521 2626 627 2685 autem
659 2620 716 2684 illo
744 2619 884 2703 praefixo
914 2620 995 2685 nihil
1023 2621 1113 2685 aliud
1142 2620 1223 2686 effici
1251 2621 1293 2685 ab
1320 2621 1411 2686 initio
1445 2623 1511 2689 nisi

384 2723 419 2781 ut
452 2717 539 2782 notio
576 2716 646 2800 ejus
685 2717 823 2782 nominis
862 2719 911 2782 cui
950 2720 1108 2801 particula
1149 2718 1308 2801 privativa
1346 2720 1512 2785 antecedit

384 2814 570 2897 simpliciter
598 2821 746 2896 negetur,
777 2813 834 2878 sed
864 2815 1015 2896 quoniam
1043 2815 1076 2879 id
1106 2815 1203 2880 variis
1232 2814 1410 2880 rationibus
1438 2814 1511 2881 fieri

383 2911 500 2994 possit,
530 2911 653 2975 varium
676 2910 814 2975 vidimus
836 2930 964 2975 sensum
988 2911 1069 2977 ellici
1096 2932 1192 2996 posse
1213 2913 1439 2977 vocabulorum
1461 2913 1512 2979 ita

383 3009 639 3091 compositorum.
699 3009 762 3072 Aut
805 3008 890 3072 enim
928 3008 961 3072 in
998 3009 1146 3091 negando
1182 3009 1412 3091 acquiescimus
1447 3029 1510 3076 uec

383 3105 556 3188 quidquam
585 3105 674 3170 aliud
708 3103 924 3187 significamus
951 3125 1046 3187 quarn
1078 3107 1192 3171 abesse
1220 3106 1254 3169 id
1288 3107 1372 3188 quod
1407 3109 1510 3172 nomi-

383 3202 477 3268 nibus
506 3203 691 3287 pedisequis
719 3202 907 3285 exprimitur
934 3210 990 3268 aut
1011 3224 1031 3268 a
1052 3210 1170 3285 negata
1199 3202 1329 3267 notione
1350 3203 1393 3267 ad
1422 3206 1508 3286 posi-

383 3299 481 3364 tivam
518 3301 591 3364 huic
630 3302 821 3364 contrariam
858 3300 1080 3383 progredimur
1112 3307 1167 3364 aut
1199 3300 1336 3381 denique
1369 3320 1434 3364 non
1467 3322 1510 3367 ea

384 3397 492 3460 omnia
518 3397 665 3461 reicimus
693 3416 776 3478 quae
804 3398 939 3461 membri
964 3396 1095 3462 alterius
1117 3397 1281 3462 intellectu
1303 3398 1510 3465 continentur

383 3492 440 3556 sed
463 3493 669 3574 insigniorem
696 3493 857 3574 quendam
879 3494 949 3575 ejus
975 3513 1103 3559 sensum
1133 3495 1184 3558 vel
1214 3495 1275 3573 ita,
1308 3501 1343 3558 ut
1370 3497 1509 3563 transla-

382 3594 449 3653 tam
475 3589 696 3653 tantummcdo
718 3589 982 3670 significationem
1008 3591 1049 3655 ab
1076 3591 1184 3672 aliquo
1210 3591 1431 3673 abjudicemus
1452 3597 1507 3660 vel

382 3685 533 3749 usitatum
549 3687 713 3767 qualitatis
724 3687 862 3751 modum.
886 3688 975 3753 Haec
987 3688 1144 3769 exemplis
1160 3687 1299 3751 omnium
1316 3691 1507 3772 populorum

383 3783 589 3865 omniumque
619 3791 796 3866 temporum
826 3785 988 3850 illustrare
1016 3784 1194 3849 studuimus
1222 3805 1287 3848 non
1315 3786 1407 3851 obliti
1435 3788 1508 3870 ejus

383 3880 540 3944 cautionis
568 3901 631 3963 qua
652 3880 701 3945 sui
723 3881 836 3963 cuique
858 3883 957 3947 aetati
979 3902 1101 3961 mores,
1129 3902 1220 3946 suum
1243 3883 1358 3963 cuique
1385 3885 1507 3967 populo

382 3974 546 4058 ingenium
575 3984 671 4059 atque
699 3977 824 4043 indoles
856 3979 1068 4060 relinquenda
1101 3979 1175 4043 sint.
1225 3978 1347 4056 Quodsi
1378 3982 1425 4045 ita
1453 4001 1508 4047 ex-

382 4072 520 4154 plicasse
552 4076 646 4139 nobis
675 4074 820 4140 videmur
848 4074 1007 4157 quomodo
1034 4076 1152 4139 factum
1181 4075 1222 4140 sit
1249 4081 1284 4139 ut
1311 4082 1376 4140 tam
1405 4080 1509 4144 multa

383 4169 540 4234 vocabula
562 4172 699 4253 speciem
726 4172 907 4237 intensivae
929 4172 1068 4236 notionis
1090 4192 1168 4253 prae
1190 4193 1225 4237 se
1250 4174 1380 4251 ferrent,
1402 4194 1508 4256 gram·

383 4266 515 4331 matioos
528 4267 667 4334 Graecos
683 4274 716 4333 et
729 4269 881 4350 aequales
904 4276 1029 4334 nostros
1045 4287 1153 4333 eorum
1172 4270 1314 4352 collegas
1336 4292 1401 4336 nou
1425 4272 1508 4336 vitu-
