3575 5334
690 690 723 743 de
741 690 821 758 alpha
838 691 980 744 intensivo.
1356 691 1398 751 67

273 860 337 924 via:
360 867 420 925 aut
443 862 529 927 enirn
552 882 622 927 cum
638 861 816 927 Schradero
832 862 852 927 l.
869 863 890 926 l.
911 881 932 925 a
952 861 1053 926 forma
1074 863 1274 945 reduplicata
1296 860 1398 929 d-ru-

273 981 407 1033 scr-coc
429 958 694 1041 proficiscendum
719 966 768 1025 est
788 993 831 1004 —
853 958 950 1041 idque
972 958 1049 1022 mihi
1071 959 1246 1042 simplicius
1268 962 1397 1028 videtur

272 1089 309 1100 ·-
324 1062 382 1121 aut
397 1079 415 1120 ν
428 1054 587 1121 excidisse
602 1055 806 1121 statuendum
823 1051 961 1133 (ἀάατος
976 1086 1018 1105 =
1033 1052 1245 1134 dcccmo-g)
1261 1059 1294 1123 id
1310 1058 1396 1141 quod

272 1152 377 1218 nescio
406 1172 450 1217 an
477 1151 517 1218 iis
545 1172 609 1216 non
639 1152 811 1235 displiceat
838 1152 892 1235 qui
921 1170 993 1217 curn
1016 1151 1139 1233 Curtio,
1169 1161 1230 1220 aot.
1252 1175 1317 1221 soc.
1347 1157 1395 1222 lit.

272 1249 343 1315 San.
370 1252 453 1315 1870
483 1271 515 1332 p.
539 1252 579 1315 32
608 1248 827 1332 reputaverint
851 1248 1026 1331 particulas
1053 1249 1213 1316 interdum
1242 1272 1306 1317 non
1328 1259 1395 1317 tam

272 1346 362 1413 certis
406 1367 555 1412 sonorum
588 1346 813 1412 mutandorum
846 1344 972 1427 legibus
1009 1364 1080 1411 esse
1111 1347 1259 1413 astrictas
1298 1368 1395 1431 quam

272 1450 376 1510 cetera
417 1443 585 1508 vocabula.
650 1443 790 1509 Videant
837 1442 900 1525 ipsi
944 1444 1096 1526 exempla
1139 1444 1193 1526 qui
1234 1444 1392 1509 dubitant.

271 1540 404 1605 Multum
441 1548 610 1623 praeterea
642 1540 789 1605 nonnulli
821 1539 881 1603 viri
921 1538 1004 1603 docti
1038 1541 1243 1605 elaborarunt
1273 1541 1306 1605 in
1340 1562 1393 1607 ex·

271 1638 431 1721 pedienda
462 1657 612 1703 mensura
640 1625 765 1700 cotom
793 1636 918 1717 Ξ271,
950 1657 1020 1701 curn
1054 1637 1109 1702 alii
1143 1638 1228 1701 hanc
1260 1637 1394 1704 difficul-

271 1741 366 1800 tatem
400 1734 529 1800 silentio
562 1734 793 1817 praeterierint.
844 1734 1059 1800 Doederlinus
1093 1740 1124 1799 et
1152 1734 1297 1801 Sonneus
1331 1743 1392 1801 tro·

271 1830 401 1897 chaeum
431 1832 464 1896 in
495 1838 606 1913 quarto
635 1830 718 1913 podo
745 1831 820 1896 ferri
848 1852 944 1914 posse
970 1832 1165 1897 arbitrantur
1194 1838 1270 1897 ante
1298 1832 1393 1897 buco·

269 1928 359 1993 licam
384 1934 418 1993 ut
440 1928 492 1993 hio
514 1930 558 1993 ait
580 1948 759 2009 caesuram,
793 1947 875 2011 quas
897 1936 1004 1994 tamen
1026 1929 1116 1993 nulla
1138 1928 1231 1994 inest.
1283 1929 1391 1994 Unum

270 2025 411 2108 ejusdem
438 2026 485 2090 rei
513 2026 694 2109 exemplum
724 2025 942 2107 Hermannus‚
974 2027 1014 2090 el.
1043 2025 1126 2089 doct.
1155 2031 1245 2090 metr.
1276 2031 1313 2089 41
1345 2034 1392 2091 at·

269 2124 336 2187 tulit
359 2126 389 2185 E
411 2124 472 2187 487
496 2121 618 2207 μήπως
641 2116 687 2198 ὥς
710 2118 812 2205 ἀψῖσι
835 2121 927 2186 λίνου
951 2118 1069 2185 ἁλόντε
1092 2120 1276 2204 πανάγρου.
1320 2124 1390 2189 Ηο4

265 2239 359 2286 versu
391 2219 461 2302 jam
490 2220 666 2303 Bentlcyus
699 2219 786 2283 duali
814 2238 947 2284 numero
979 2219 1138 2301 pluralem
1167 2220 1328 2284 substituit
1359 2228 1391 2286 et

263 2315 468 2401 transpositis
504 2317 669 2381 vocabulis
712 2316 864 2382 audacius
907 2316 1033 2400 scripsit
1069 2316 1161 2380 λίνου
1199 2314 1387 2399 πανάγροιο

260 2408 412 2491 ἁλόντες,
436 2431 498 2494 quo
520 2414 619 2478 multo
642 2413 816 2497 simplicius
839 2421 924 2479 esset
946 2414 1031 2495 quod
1053 2415 1086 2477 in
1109 2415 1158 2478 Et.
1183 2414 1224 2477 M.
1249 2416 1319 2494 183,
1347 2416 1388 2477 32

258 2510 368 2575 editur·
390 2509 497 2574 λίνοιο
521 2504 648 2575 ἁλόντε.
693 2509 757 2574 Sed
787 2509 922 2575 sortasse
951 2510 1118 2592 productio
1142 2530 1179 2575 en
1203 2511 1320 2575 amisso
1344 2509 1389 2573 di·

252 2627 391 2689 gammo
419 2613 488 2671 orta
510 2615 558 2674 cst
583 2629 644 2690 quo
667 2615 792 2673 constat
813 2606 908 2671 etiam
939 2609 1139 2691 progressive
1161 2609 1290 2673 vocales
1318 2627 1389 2690 pro-

254 2704 335 2770 duci
365 2704 507 2787 potuisse
537 2704 586 2781 (41.
618 2706 816 2787 Brugmanus
844 2703 877 2766 in
904 2702 988 2768 Curt.
1017 2706 1099 2771 stud.
1129 2706 1174 2770 IV
1200 2709 1269 2787 135,
1299 2704 1389 2770 Man·

243 2800 389 2883 gnidius
425 2800 468 2864 ib.
504 2800 547 2865 Vl
579 2805 660 2877 164).
720 2800 902 2866 Certissima
939 2805 1142 2886 progressiva
1178 2802 1387 2885 productione

242 2897 461 2980 suppletoria
483 2904 515 2963 et
536 2898 675 2963 medium
697 2900 797 2982 alpha
820 2905 851 2963 et
876 2898 1022 2963 ultimum
1050 2902 1137 2965 vocis
1165 2888 1291 2975 ἀοῗᾰτος
1313 2900 1333 2962 1.
1357 2919 1387 2965 4.

243 2992 483 3071 ci-fa-fo—coc
506 2994 638 3077 produci
661 2997 778 3078 potuit,
802 2996 843 3061 de
865 2995 957 3060 tertio
980 2995 1065 3059 enim
1088 2995 1167 3059 nihil
1190 2997 1278 3062 valet
1300 2996 1386 3078 quod

240 3089 369 3175 drojcc
393 3112 418 3157 s.
440 3091 571 3174 fiafajtc
593 3094 725 3157 verbum
749 3092 1020 3157 denominativum
1045 3100 1108 3173 est,
1138 3092 1192 3155 ubi
1210 3092 1234 3174 j
1253 3093 1314 3157 nisi
1337 3111 1386 3157 re·

235 3188 405 3267 gressiva
433 3189 545 3254 relicta
572 3190 779 3272 productione
808 3211 871 3254 non
896 3196 1109 3255 evanesceret.
1136 3188 1281 3268 Fickius,
1320 3188 1385 3253 lex,

236 3281 441 3367 Indogerm.
476 3289 544 3368 187,
574 3287 607 3350 I3
629 3290 690 3350 419
719 3308 784 3353 rem
813 3307 877 3350 non
908 3285 1072 3368 expedivit
1102 3284 1186 3366 quod
1217 3284 1281 3350 Sor.
1313 3294 1385 3347 4444

234 3378 381 3463 laesus,
405 3391 498 3445 cocto
520 3403 584 3447 non
606 3383 722 3459 laesus,
745 3385 869 3467 integer
891 3388 1055 3465 comparat
1076 3401 1158 3464 quae
1181 3402 1201 3446 a
1223 3379 1291 3445 rad.
1314 3402 1384 3461 444,

237 3488 299 3541 vt
320 3479 455 3557 „ferire“
478 3478 677 3545 descendant
699 3488 731 3545 ct
753 3470 881 3557 ἀάατος
903 3499 975 3545 esse
998 3478 1075 3543 dicit
1096 3498 1153 3561 pro
1177 3473 1345 3554 ἅπα-το-ς.

344 3576 462 3643 Verum
497 3578 659 3643 enimvero
696 3578 791 3643 ctiam
828 3577 866 3643 iis
904 3576 957 3659 qui
989 3577 1147 3659 opinionis
1182 3596 1259 3641 suae
1296 3583 1385 3641 tena-

245 3672 360 3740 ciores
392 3672 657 3755 significationem
695 3674 841 3740 damnosi
878 3674 1018 3738 retinent
1054 3674 1157 3738 habeo
1192 3671 1276 3755 quod
1313 3693 1384 3738 sua·

254 3764 369 3851 deam,
400 3770 573 3837 dummodo
601 3773 743 3837 abiciant
770 3772 868 3854 alpha
897 3771 1100 3835 intensivum.
1145 3769 1268 3834 Scimus
1297 3771 1382 3835 enim

254 3859 326 3939 jam
346 3866 485 3949 dudum,
520 3868 597 3950 quid
626 3867 667 3933 de
690 3867 849 3933 distractis
871 3888 954 3950 quae
976 3874 1130 3931 vocantur
1151 3868 1260 3932 formis
1283 3869 1383 3950 epicis

264 3956 466 4036 judicandum
489 3966 546 4045 sit,
577 3985 657 4046 quas
680 3985 750 4029 cum
779 3966 870 4030 multi
895 3965 952 4030 alii
978 3964 1037 4028 viri
1062 3963 1145 4029 docti
1167 3964 1249 4029 bene
1272 3965 1383 4046 expla-

269 4068 374 4126 narunt
390 4067 470 4134 ,tum
499 4080 601 4144 nuper
628 4062 832 4144 Mangoldius
860 4063 893 4126 in
923 4061 1018 4141 Cart,
1055 4060 1138 4127 stud.
1164 4060 1206 4124 Vl
1231 4062 1289 4121 139
1311 4078 1380 4139 sqq.

277 4148 358 4237 curo,
396 4157 424 4223 si
451 4158 493 4222 ad
521 4164 569 4222 tot
597 4159 765 4241 participia
792 4160 844 4223 vel
874 4178 978 4241 praes.
1006 4177 1090 4240 pass.
1114 4159 1165 4221 vel
1188 4153 1269 4219 med.
1294 4171 1379 4235 pass.

278 4266 344 4319 runc
357 4254 482 4321 accedit
503 4254 605 4320 forma
627 4262 728 4338 praet.
749 4276 834 4337 pass.
851 4247 1056 4339 dra-jocor,
1079 4255 1112 4316 in
1135 4270 1197 4331 qua
1218 4255 1380 4313 servatum

1139 4351 1176 4400 5*
