3575 5334
332 677 373 741 68
628 767 631 773 ¹
849 679 949 733 Clemm

333 854 402 938 o-jo
424 874 489 917 non
512 852 616 916 minus
638 856 802 933 spectatae
825 849 1025 932 antiquitatis
1040 854 1090 915 est
1112 867 1208 931 quam
1230 848 1263 912 in
1287 842 1375 932 ὁράᾳ
1397 868 1452 930 pro

333 948 503 1035 ‹ipa-jaca
533 948 668 1029 aliisque
695 945 827 1013 formis?
882 949 1033 1013 Mensura
1063 934 1194 1021 ἀᾶἁτος
1216 964 1296 1010 saue
1324 945 1370 1010 ita
1392 965 1455 1011 uon

332 1056 397 1112 tam
430 1046 524 1111 facile
558 1044 702 1129 expediri
736 1052 857 1127 potest,
890 1044 949 1109 sod
981 1043 1008 1110 si
1045 1043 1097 1109 vel
1127 1041 1372 1125 Savelsbergins
1404 1043 1456 1109 vel

332 1146 531 1210 Duentzorus
566 1161 636 1206 eam
665 1142 758 1206 metri
787 1161 884 1207 causa
912 1142 1029 1207 iactam
1059 1158 1130 1206 esse
1159 1145 1353 1221 statuerent,
1392 1161 1455 1206 non

330 1242 433 1307 solum
455 1261 520 1305 non
541 1258 754 1321 repugnarem
776 1237 834 1303 sed
857 1238 918 1302 hoc
939 1239 972 1303 in
994 1259 1100 1304 meum
1123 1256 1248 1319 quoque
1270 1257 1362 1302 usum
1385 1257 1457 1303 con·

330 1344 498 1404 verterem.
544 1336 594 1399 Ita
624 1335 709 1400 enim
738 1336 808 1401 sine
836 1335 1090 1419 reduplications
1116 1324 1259 1410 adaco-c
1281 1341 1369 1402 esset
1399 1355 1455 1418 pro

332 1434 554 1518 oica-ja-co-c.
606 1431 672 1497 Sed
709 1433 814 1499 obstat
843 1433 1022 1500 Siculorum
1057 1430 1227 1515 ἆάβακτος
1259 1431 1348 1515 apud
1382 1432 1456 1498 Hes.

332 1528 514 1613 ἆάβακτοι·
537 1527 709 1612 ἀβλαβεῖς.

417 1670 447 1743 ὴ
484 1661 624 1751 ἀαγής

331 1785 381 1849 Et.
406 1784 447 1849 M.
470 1784 486 1847 I
510 1787 550 1846 50
583 1778 701 1865 ἀαγές·
737 1777 944 1865 ἄθραυστον,
979 1780 1047 1848 ἀπὸ
1077 1789 1136 1847 τοῦ
1165 1779 1235 1866 ἄγω
1267 1781 1305 1846 τὸ
1337 1780 1456 1861 aleco,

332 1878 431 1967 ἆγής·
456 1880 512 1944 καὶ
534 1877 620 1961 μετὰ
641 1884 701 1944 τοῦ
724 1875 976 1944 ἒπιτάτικοῦ
999 1876 1091 1966 ἄλφα
1113 1876 1235 1965 ἀαγής·
1258 1877 1296 1943 τὸ
1321 1876 1456 1947 οὐδέτε-

333 2002 401 2062 ρον,
425 1973 536 2060 ἀαγές.
566 1970 588 2058 ἢ
610 1974 648 2039 τὸ
665 1973 860 2061 ἄθραυστον
882 1976 966 2041 κατὰ
989 1984 1146 2060 στέρησιν
1162 1971 1184 2063 ἢ
1198 1975 1236 2040 τὸ
1259 1974 1457 2062 πολύθραυ-

333 2096 423 2139 occa.
468 2076 532 2139 Res
554 2072 587 2137 in
602 2080 714 2156 aperto
736 2080 800 2139 est:
823 2070 929 2159 ἀαγής
952 2082 1000 2140 est
1021 2094 1079 2157 pro
1102 2069 1229 2160 dacng
1252 2073 1303 2145 (ef.
1321 2074 1457 2155 (turtius,

333 2177 375 2237 et.
399 2171 454 2236 Gr.
474 2172 532 2236 el.4
553 2192 585 2253 p.
603 2174 677 2246 530)
700 2177 732 2235 et
754 2172 963 2255 compositum
986 2191 1055 2237 eum
1079 2171 1178 2254 alpha
1200 2169 1371 2253 privativo.
1410 2174 1457 2236 Ex

332 2268 393 2333 hoc
415 2275 520 2334 autem
551 2267 804 2334 luculentissimo
829 2270 978 2351 exemplo
1000 2269 1123 2334 discere
1145 2288 1332 2351 possumus,
1363 2289 1457 2353 quam

331 2366 541 2447 neglegenter
563 2373 595 2432 ot
617 2364 852 2430 inconsiderato
874 2373 1000 2431 veteres
1021 2365 1221 2448 grammatici
1242 2366 1344 2449 alpha
1366 2386 1457 2432 suum

330 2462 526 2527 intensivum
569 2461 611 2525 ad
656 2461 849 2543 explicanda
891 2462 1049 2528 vocabula
1094 2462 1316 2546 adhibuerint,
1361 2462 1458 2545 idque

331 2558 426 2623 facile
457 2559 551 2623 nobis
583 2558 781 2623 excusationi
814 2557 885 2640 erit,
920 2560 948 2625 si
977 2559 1103 2641 qnando
1132 2560 1174 2625 ab
1203 2580 1313 2626 eorum
1342 2562 1459 2627 versio·

332 2654 427 2720 nibus
448 2655 684 2720 recesserimus.

419 2775 450 2848 3)
488 2768 650 2847 domnoc

333 2887 418 2971 quod
440 2888 668 2971 comprehendi
698 2890 822 2971 nequit,
853 2891 903 2954 cui
932 2892 1002 2972 quis
1024 2892 1282 2974 appropinquare
1309 2913 1375 2958 non
1405 2912 1460 2975 po·

332 2990 411 3067 test,
434 2984 605 3050 annuitur.
652 2986 705 3052 Sic
725 2987 822 3068 vulgo
845 2986 978 3052 vertitur
1000 2988 1061 3052 hoc
1083 2988 1257 3069 epitheton,
1281 2988 1368 3070 qnod
1391 3008 1461 3055 sae·

332 3083 405 3166 pius
434 3082 521 3166 apud
545 3082 715 3147 Homerum
744 3084 863 3165 legitur
892 3082 932 3148 de
961 3084 1107 3150 manibus
1135 3085 1336 3167 potissimum
1357 3087 1460 3167 Jovis,

333 3181 442 3264 ajacis
450 3228 458 3261 ,
493 3180 759 3262 Agamemnonis,
789 3181 944 3262 Patrocli,
975 3182 1136 3264 Hectoris,
1166 3182 1318 3261 Achillis,
1354 3184 1461 3250 Ulixis

332 3285 529 3361 usurpatum,
559 3284 591 3343 et
613 3276 763 3359 quoniam
785 3280 890 3343 versio
913 3278 1036 3343 illaad
1058 3298 1169 3345 omnes
1196 3280 1284 3345 locos
1310 3281 1460 3364 quadrat,

332 3376 477 3457 plerique
506 3394 591 3439 nune
624 3374 684 3438 viri
721 3374 806 3440 docti
839 3394 913 3439 eam
946 3376 1191 3457 explicationem
1223 3378 1463 3460 amplectuntur

333 3491 397 3553 qna
424 3466 557 3545 ἄαπτος
585 3489 605 3533 a
633 3470 731 3535 verbo
765 3467 885 3537 ἅπτειν
916 3477 948 3536 et
975 3471 1016 3536 ab
1049 3473 1149 3556 alpha
1180 3474 1339 3557 privativo
1369 3476 1464 3542 duxit

334 3568 499 3650 originem.
545 3564 662 3631 Verum
689 3565 760 3649 jam
788 3568 964 3650 antiquitus
997 3569 1057 3635 hoe
1085 3571 1276 3636 vocabulum
1304 3571 1464 3655 interpre-

334 3664 420 3729 tibus
447 3683 584 3746 magnos
612 3664 777 3747 scrupulos
804 3665 931 3748 injecit,
961 3672 995 3729 ut
1018 3686 1058 3732 ex
1080 3667 1179 3731 schol.
1203 3666 1231 3730 V
1252 3667 1295 3732 ad
1323 3673 1362 3731 A
1387 3673 1463 3753 567,

334 3781 375 3826 ex
404 3764 453 3827 Et.
477 3762 529 3845 M,
560 3758 657 3841 scic,
693 3760 767 3826 Hes.
797 3762 996 3843 aliorumque
1023 3762 1216 3828 testimoniis
1247 3764 1360 3830 elucet.
1391 3766 1466 3831 Ari·

333 3856 493 3937 starchus,
529 3877 600 3923 eum
630 3852 782 3935 ἀάπτους
809 3870 926 3940 χεῖρας
956 3858 1016 3935 τὰς
1050 3858 1163 3936 δεινὰς
1185 3862 1242 3925 καὶ
1265 3856 1463 3946 ἆπτοήτους

333 3973 405 4019 esse
426 3953 540 4034 vellat,
575 3951 705 4031 domoc
734 3956 932 4021 decurtatum
962 3975 1033 4022 esse
1061 3957 1255 4022 existimavit
1283 3976 1324 4022 ex
1351 3954 1465 4025 ἀπτό-

333 4074 428 4137 ητος,
462 4052 546 4133 quod
580 4051 646 4117 fieri
676 4072 740 4117 non
769 4072 864 4136 posse
893 4053 1058 4136 perspexit
1080 4052 1271 4135 Lobeckius,
1306 4054 1397 4138 path.
1422 4057 1464 4123 el.

334 4148 350 4211 I
379 4151 451 4212 390.
496 4148 543 4213 (tf.
581 4150 677 4216 etiam
713 4150 880 4231 Lehrsius,
920 4149 961 4215 de
993 4149 1089 4215 Arist.
1127 4149 1211 4216 stud.
1248 4151 1360 4215 Home
1387 4156 1463 4220 305.

333 4244 516 4311 Zenodotns
551 4252 585 4309 ut
619 4252 733 4329 postea
768 4246 874 4328 Apion
910 4241 1060 4322 ἀᾶπτους
1094 4246 1260 4329 scripsisse
1293 4247 1464 4315 Diodorfio
