<?xml version="1.0" encoding="UTF-8"?>
<!DOCTYPE html PUBLIC "-//W3C//DTD XHTML 1.0 Transitional//EN"
    "http://www.w3.org/TR/xhtml1/DTD/xhtml1-transitional.dtd">
<html xmlns="http://www.w3.org/1999/xhtml" xml:lang="en" lang="en">
 <head>
  <title>
</title>
<meta http-equiv="Content-Type" content="text/html;charset=utf-8" />
  <meta name='ocr-system' content='tesseract 3.04.00' />
  <meta name='ocr-capabilities' content='ocr_page ocr_carea ocr_par ocr_line ocrx_word'/>
</head>
<body>
  <div class='ocr_page' id='page_1' title='image "./studienzurgriec00curtgoog_0400.png"; bbox 0 0 3575 5334; ppageno 0'>
   <div class='ocr_carea' id='block_1_1' title="bbox 332 712 968 777">
    <p class='ocr_par' dir='ltr' id='par_1_1' title="bbox 332 712 968 777">
     <span class='ocr_line' id='line_1_1' title="bbox 332 712 968 777; baseline -0.016 -1"><span class='ocrx_word' id='word_1_1' title='bbox 332 714 396 777; x_wconf 85' lang='lat'>390</span> <span class='ocrx_word' id='word_1_2' title='bbox 822 712 968 767; x_wconf 86' lang='lat' dir='ltr'>Beehstein</span> 
     </span>
    </p>
   </div>
   <div class='ocr_carea' id='block_1_2' title="bbox 332 884 1452 1268">
    <p class='ocr_par' dir='ltr' id='par_1_2' title="bbox 333 884 1452 1049">
     <span class='ocr_line' id='line_1_2' title="bbox 334 884 1452 969; baseline -0.003 -19"><span class='ocrx_word' id='word_1_3' title='bbox 334 888 503 950; x_wconf 73' lang='lat' dir='ltr'>*utrumne</span> <span class='ocrx_word' id='word_1_4' title='bbox 526 891 628 950; x_wconf 90' lang='lat' dir='ltr'>ortum</span> <span class='ocrx_word' id='word_1_5' title='bbox 652 885 780 969; x_wconf 84' lang='lat' dir='ltr'>proprie</span> <span class='ocrx_word' id='word_1_6' title='bbox 802 885 860 951; x_wconf 86' lang='lat' dir='ltr'>sit:</span> <span class='ocrx_word' id='word_1_7' title='bbox 894 885 952 965; x_wconf 87' lang='lat' dir='ltr'>vis,</span> <span class='ocrx_word' id='word_1_8' title='bbox 976 884 1121 967; x_wconf 77' lang='lat' dir='ltr'>vexatio,</span> <span class='ocrx_word' id='word_1_9' title='bbox 1156 904 1267 968; x_wconf 89' lang='lat' dir='ltr'>porro:</span> <span class='ocrx_word' id='word_1_10' title='bbox 1302 884 1452 966; x_wconf 86' lang='lat' dir='ltr'>molestia,</span> 
     </span>
     <span class='ocr_line' id='line_1_3' title="bbox 333 985 471 1049; baseline 0 0"><span class='ocrx_word' id='word_1_11' title='bbox 333 985 471 1049; x_wconf 88' lang='lat' dir='ltr'>miseria.</span> 
     </span>
    </p>

    <p class='ocr_par' dir='ltr' id='par_1_3' title="bbox 332 1078 1452 1268">
     <span class='ocr_line' id='line_1_4' title="bbox 424 1078 1452 1161; baseline -0.001 -18"><span class='ocrx_word' id='word_1_12' title='bbox 424 1080 603 1143; x_wconf 75' lang='lat' dir='ltr'>Voltumnae</span> <span class='ocrx_word' id='word_1_13' title='bbox 639 1086 785 1145; x_wconf 79' lang='lat' dir='ltr'><strong>etruscae</strong></span> <span class='ocrx_word' id='word_1_14' title='bbox 807 1080 889 1145; x_wconf 91' lang='lat' dir='ltr'>deae</span> <span class='ocrx_word' id='word_1_15' title='bbox 911 1099 1044 1160; x_wconf 91' lang='lat' dir='ltr'>nomeu,</span> <span class='ocrx_word' id='word_1_16' title='bbox 1074 1078 1117 1143; x_wconf 89' lang='lat' dir='ltr'>ad</span> <span class='ocrx_word' id='word_1_17' title='bbox 1139 1078 1230 1161; x_wconf 89' lang='lat' dir='ltr'>eujus</span> <span class='ocrx_word' id='word_1_18' title='bbox 1253 1078 1361 1143; x_wconf 86' lang='lat' dir='ltr'>fanum</span> <span class='ocrx_word' id='word_1_19' title='bbox 1384 1097 1452 1143; x_wconf 89' lang='lat' dir='ltr'>con·</span> 
     </span>
     <span class='ocr_line' id='line_1_5' title="bbox 332 1175 1452 1268; baseline -0.005 -26"><span class='ocrx_word' id='word_1_20' title='bbox 332 1178 438 1243; x_wconf 91' lang='lat' dir='ltr'>cilium</span> <span class='ocrx_word' id='word_1_21' title='bbox 466 1178 570 1268; x_wconf 73' lang='lat' dir='ltr'>omnis</span> <span class='ocrx_word' id='word_1_22' title='bbox 592 1177 740 1241; x_wconf 79' lang='lat' dir='ltr'>Etruriae</span> <span class='ocrx_word' id='word_1_23' title='bbox 768 1175 864 1241; x_wconf 86' lang='lat' dir='ltr'>fielrat</span> <span class='ocrx_word' id='word_1_24' title='bbox 896 1178 978 1242; x_wconf 64' lang='lat' dir='ltr'>lirim</span> <span class='ocrx_word' id='word_1_25' title='bbox 1000 1177 1056 1254; x_wconf 91' lang='lat' dir='ltr'>IV,</span> <span class='ocrx_word' id='word_1_26' title='bbox 1087 1180 1136 1242; x_wconf 81' lang='lat'>23.</span> <span class='ocrx_word' id='word_1_27' title='bbox 1167 1180 1217 1241; x_wconf 82' lang='lat'>25.</span> <span class='ocrx_word' id='word_1_28' title='bbox 1247 1179 1306 1258; x_wconf 76' lang='lat'>613</span> <span class='ocrx_word' id='word_1_29' title='bbox 1341 1176 1377 1258; x_wconf 89' lang='lat' dir='ltr'>V,</span> <span class='ocrx_word' id='word_1_30' title='bbox 1402 1179 1452 1253; x_wconf 82' lang='lat'>173</span> 
     </span>
    </p>
   </div>
   <div class='ocr_carea' id='block_1_3' title="bbox 335 1272 1452 1359">
    <p class='ocr_par' dir='ltr' id='par_1_4' title="bbox 335 1272 1452 1359">
     <span class='ocr_line' id='line_1_6' title="bbox 335 1272 1452 1359; baseline -0.004 -20"><span class='ocrx_word' id='word_1_31' title='bbox 335 1276 388 1357; x_wconf 88' lang='lat' dir='ltr'>Vl,</span> <span class='ocrx_word' id='word_1_32' title='bbox 413 1279 451 1339; x_wconf 76' lang='lat'>21</span> <span class='ocrx_word' id='word_1_33' title='bbox 484 1275 636 1359; x_wconf 86' lang='lat' dir='ltr'>saepius).</span> <span class='ocrx_word' id='word_1_34' title='bbox 681 1275 730 1338; x_wconf 89' lang='lat' dir='ltr'>De</span> <span class='ocrx_word' id='word_1_35' title='bbox 753 1274 823 1355; x_wconf 91' lang='lat' dir='ltr'>ejus</span> <span class='ocrx_word' id='word_1_36' title='bbox 853 1274 976 1357; x_wconf 81' lang='lat' dir='ltr'>origine</span> <span class='ocrx_word' id='word_1_37' title='bbox 997 1274 1075 1340; x_wconf 91' lang='lat' dir='ltr'>certi</span> <span class='ocrx_word' id='word_1_38' title='bbox 1103 1275 1183 1339; x_wconf 91' lang='lat' dir='ltr'>nihil</span> <span class='ocrx_word' id='word_1_39' title='bbox 1207 1274 1270 1338; x_wconf 89' lang='lat' dir='ltr'>dici</span> <span class='ocrx_word' id='word_1_40' title='bbox 1301 1272 1452 1357; x_wconf 78' lang='lat' dir='ltr'>potest¹⁶).</span> 
     </span>
    </p>
   </div>
   <div class='ocr_carea' id='block_1_4' title="bbox 386 1510 1405 1692">
    <p class='ocr_par' dir='ltr' id='par_1_5' title="bbox 386 1510 1405 1692">
     <span class='ocr_line' id='line_1_7' title="bbox 386 1510 1405 1596; baseline -0.001 -20"><span class='ocrx_word' id='word_1_41' title='bbox 386 1516 415 1577; x_wconf 90' lang='grc'>3.</span> <span class='ocrx_word' id='word_1_42' title='bbox 460 1513 516 1576; x_wconf 93' lang='lat' dir='ltr'>De</span> <span class='ocrx_word' id='word_1_43' title='bbox 539 1510 1105 1596; x_wconf 86' lang='lat' dir='ltr'>nominibus-participiorum</span> <span class='ocrx_word' id='word_1_44' title='bbox 1128 1510 1405 1576; x_wconf 84' lang='lat' dir='ltr'>derivatorum</span> 
     </span>
     <span class='ocr_line' id='line_1_8' title="bbox 580 1607 1211 1692; baseline -0.002 -20"><span class='ocrx_word' id='word_1_45' title='bbox 580 1607 756 1689; x_wconf 88' lang='lat' dir='ltr'>speciem</span> <span class='ocrx_word' id='word_1_46' title='bbox 779 1628 879 1692; x_wconf 90' lang='lat' dir='ltr'>prae</span> <span class='ocrx_word' id='word_1_47' title='bbox 902 1628 944 1673; x_wconf 97' lang='lat' dir='ltr'>se</span> <span class='ocrx_word' id='word_1_48' title='bbox 971 1609 1211 1675; x_wconf 84' lang='lat' dir='ltr'>ferentibus.</span> 
     </span>
    </p>
   </div>
   <div class='ocr_carea' id='block_1_5' title="bbox 329 1741 1464 3576">
    <p class='ocr_par' dir='ltr' id='par_1_6' title="bbox 331 1741 1464 2703">
     <span class='ocr_line' id='line_1_9' title="bbox 418 1741 1453 1826; baseline -0.003 -19"><span class='ocrx_word' id='word_1_49' title='bbox 418 1742 452 1807; x_wconf 83' lang='lat' dir='ltr'>Si</span> <span class='ocrx_word' id='word_1_50' title='bbox 482 1741 522 1806; x_wconf 89' lang='lat' dir='ltr'>de</span> <span class='ocrx_word' id='word_1_51' title='bbox 551 1742 601 1808; x_wconf 92' lang='lat' dir='ltr'>his</span> <span class='ocrx_word' id='word_1_52' title='bbox 630 1761 756 1824; x_wconf 87' lang='lat' dir='ltr'>quoque</span> <span class='ocrx_word' id='word_1_53' title='bbox 783 1744 966 1808; x_wconf 88' lang='lat' dir='ltr'>nominibus</span> <span class='ocrx_word' id='word_1_54' title='bbox 993 1744 1170 1826; x_wconf 83' lang='lat' dir='ltr'>generatim</span> <span class='ocrx_word' id='word_1_55' title='bbox 1193 1741 1309 1808; x_wconf 88' lang='lat' dir='ltr'>eadem</span> <span class='ocrx_word' id='word_1_56' title='bbox 1338 1742 1453 1821; x_wconf 77' lang='lat' dir='ltr'>valent,</span> 
     </span>
     <span class='ocr_line' id='line_1_10' title="bbox 333 1837 1453 1923; baseline 0.001 -21"><span class='ocrx_word' id='word_1_57' title='bbox 333 1858 416 1921; x_wconf 90' lang='lat' dir='ltr'>quae</span> <span class='ocrx_word' id='word_1_58' title='bbox 432 1837 472 1903; x_wconf 93' lang='lat' dir='ltr'>de</span> <span class='ocrx_word' id='word_1_59' title='bbox 488 1840 668 1904; x_wconf 90' lang='lat' dir='ltr'>nominibus</span> <span class='ocrx_word' id='word_1_60' title='bbox 690 1859 787 1922; x_wconf 89' lang='lat' dir='ltr'>supra</span> <span class='ocrx_word' id='word_1_61' title='bbox 810 1862 840 1923; x_wconf 87' lang='lat' dir='ltr'>p.</span> <span class='ocrx_word' id='word_1_62' title='bbox 858 1844 920 1904; x_wconf 86' lang='grc'>354</span> <span class='ocrx_word' id='word_1_63' title='bbox 936 1860 1003 1923; x_wconf 89' lang='lat' dir='ltr'>sqq.</span> <span class='ocrx_word' id='word_1_64' title='bbox 1020 1841 1164 1906; x_wconf 87' lang='lat' dir='ltr'>tractatis</span> <span class='ocrx_word' id='word_1_65' title='bbox 1185 1839 1324 1923; x_wconf 87' lang='lat' dir='ltr'>praefati</span> <span class='ocrx_word' id='word_1_66' title='bbox 1340 1858 1453 1918; x_wconf 84' lang='lat' dir='ltr'>sumus,</span> 
     </span>
     <span class='ocr_line' id='line_1_11' title="bbox 333 1937 1453 2020; baseline -0.002 -20"><span class='ocrx_word' id='word_1_67' title='bbox 333 1955 442 2000; x_wconf 90' lang='lat' dir='ltr'>eorum</span> <span class='ocrx_word' id='word_1_68' title='bbox 465 1942 572 2002; x_wconf 89' lang='lat' dir='ltr'>tamen</span> <span class='ocrx_word' id='word_1_69' title='bbox 595 1937 750 2002; x_wconf 89' lang='lat' dir='ltr'>rationem</span> <span class='ocrx_word' id='word_1_70' title='bbox 773 1937 859 2001; x_wconf 90' lang='lat' dir='ltr'>haud</span> <span class='ocrx_word' id='word_1_71' title='bbox 883 1939 994 2020; x_wconf 87' lang='lat' dir='ltr'>paullo</span> <span class='ocrx_word' id='word_1_72' title='bbox 1016 1940 1057 2003; x_wconf 92' lang='lat' dir='ltr'>ab</span> <span class='ocrx_word' id='word_1_73' title='bbox 1079 1938 1146 2003; x_wconf 91' lang='lat' dir='ltr'>illis</span> <span class='ocrx_word' id='word_1_74' title='bbox 1167 1938 1343 2003; x_wconf 85' lang='lat' dir='ltr'>abhorrere</span> <span class='ocrx_word' id='word_1_75' title='bbox 1365 1937 1453 2001; x_wconf 92' lang='lat' dir='ltr'>sileu·</span> 
     </span>
     <span class='ocr_line' id='line_1_12' title="bbox 332 2033 1455 2118; baseline -0.004 -18"><span class='ocrx_word' id='word_1_76' title='bbox 332 2036 376 2101; x_wconf 90' lang='lat' dir='ltr'>tio</span> <span class='ocrx_word' id='word_1_77' title='bbox 406 2056 470 2100; x_wconf 94' lang='lat' dir='ltr'>uon</span> <span class='ocrx_word' id='word_1_78' title='bbox 500 2041 548 2099; x_wconf 90' lang='lat' dir='ltr'>est</span> <span class='ocrx_word' id='word_1_79' title='bbox 576 2034 854 2116; x_wconf 88' lang='lat' dir='ltr'>praetereundum.</span> <span class='ocrx_word' id='word_1_80' title='bbox 900 2035 1040 2100; x_wconf 88' lang='lat' dir='ltr'>Nomina</span> <span class='ocrx_word' id='word_1_81' title='bbox 1067 2035 1152 2098; x_wconf 90' lang='lat' dir='ltr'>enim</span> <span class='ocrx_word' id='word_1_82' title='bbox 1181 2033 1391 2118; x_wconf 32' lang='lat' dir='ltr'>suffixo-ent-</span> <span class='ocrx_word' id='word_1_83' title='bbox 1412 2034 1455 2097; x_wconf 89' lang='lat' dir='ltr'>in·</span> 
     </span>
     <span class='ocr_line' id='line_1_13' title="bbox 331 2131 1453 2215; baseline -0.004 -18"><span class='ocrx_word' id='word_1_84' title='bbox 331 2140 452 2197; x_wconf 88' lang='lat' dir='ltr'>structa</span> <span class='ocrx_word' id='word_1_85' title='bbox 479 2131 719 2213; x_wconf 79' lang='lat' dir='ltr'>participiorum</span> <span class='ocrx_word' id='word_1_86' title='bbox 748 2131 792 2195; x_wconf 86' lang='lat' dir='ltr'>ad</span> <span class='ocrx_word' id='word_1_87' title='bbox 822 2132 922 2197; x_wconf 91' lang='lat' dir='ltr'>verba</span> <span class='ocrx_word' id='word_1_88' title='bbox 948 2140 1004 2197; x_wconf 91' lang='lat' dir='ltr'>aut</span> <span class='ocrx_word' id='word_1_89' title='bbox 1027 2132 1060 2196; x_wconf 94' lang='lat' dir='ltr'>in</span> <span class='ocrx_word' id='word_1_90' title='bbox 1083 2153 1103 2194; x_wconf 86' lang='lat' dir='ltr'><strong><em>a</em></strong></span> <span class='ocrx_word' id='word_1_91' title='bbox 1125 2132 1236 2196; x_wconf 92' lang='lat' dir='ltr'>autin</span> <span class='ocrx_word' id='word_1_92' title='bbox 1258 2132 1453 2215; x_wconf 80' lang='lat' dir='ltr'>apertinen-</span> 
     </span>
     <span class='ocr_line' id='line_1_14' title="bbox 332 2227 1464 2317; baseline -0.002 -24"><span class='ocrx_word' id='word_1_93' title='bbox 332 2232 409 2294; x_wconf 88' lang='lat' dir='ltr'>tium</span> <span class='ocrx_word' id='word_1_94' title='bbox 438 2230 539 2294; x_wconf 88' lang='lat' dir='ltr'>instar</span> <span class='ocrx_word' id='word_1_95' title='bbox 567 2229 704 2294; x_wconf 85' lang='lat' dir='ltr'>formata</span> <span class='ocrx_word' id='word_1_96' title='bbox 732 2247 803 2294; x_wconf 88' lang='lat' dir='ltr'>esse</span> <span class='ocrx_word' id='word_1_97' title='bbox 831 2227 986 2312; x_wconf 75' lang='lat' dir='ltr'>vidimus,</span> <span class='ocrx_word' id='word_1_98' title='bbox 1015 2228 1073 2317; x_wconf 83' lang='lat' dir='ltr'>sed</span> <span class='ocrx_word' id='word_1_99' title='bbox 1102 2229 1249 2312; x_wconf 89' lang='lat' dir='ltr'>uomina,</span> <span class='ocrx_word' id='word_1_100' title='bbox 1281 2227 1464 2311; x_wconf 86' lang='lat' dir='ltr'>dequibus</span> 
     </span>
     <span class='ocr_line' id='line_1_15' title="bbox 332 2324 1454 2409; baseline -0.004 -19"><span class='ocrx_word' id='word_1_101' title='bbox 332 2326 384 2390; x_wconf 90' lang='lat' dir='ltr'>hic</span> <span class='ocrx_word' id='word_1_102' title='bbox 407 2333 455 2392; x_wconf 88' lang='lat' dir='ltr'>est</span> <span class='ocrx_word' id='word_1_103' title='bbox 476 2328 636 2408; x_wconf 86' lang='lat' dir='ltr'>quaestio,</span> <span class='ocrx_word' id='word_1_104' title='bbox 665 2325 708 2391; x_wconf 87' lang='lat' dir='ltr'>ad</span> <span class='ocrx_word' id='word_1_105' title='bbox 736 2346 833 2391; x_wconf 94' lang='lat' dir='ltr'>unum</span> <span class='ocrx_word' id='word_1_106' title='bbox 863 2327 971 2391; x_wconf 90' lang='lat' dir='ltr'>omnia</span> <span class='ocrx_word' id='word_1_107' title='bbox 993 2327 1025 2390; x_wconf 92' lang='lat' dir='ltr'>in</span> <span class='ocrx_word' id='word_1_108' title='bbox 1048 2327 1193 2409; x_wconf 84' lang='lat' dir='ltr'>syllabas</span> <span class='ocrx_word' id='word_1_109' title='bbox 1214 2346 1357 2388; x_wconf 63' lang='lat' dir='ltr'>uranos</span> <span class='ocrx_word' id='word_1_110' title='bbox 1380 2324 1454 2390; x_wconf 86' lang='lat' dir='ltr'>desi·</span> 
     </span>
     <span class='ocr_line' id='line_1_16' title="bbox 332 2424 1455 2508; baseline -0.001 -22"><span class='ocrx_word' id='word_1_111' title='bbox 332 2430 423 2500; x_wconf 85' lang='lat' dir='ltr'>nunt,</span> <span class='ocrx_word' id='word_1_112' title='bbox 451 2430 485 2488; x_wconf 89' lang='lat' dir='ltr'>ut</span> <span class='ocrx_word' id='word_1_113' title='bbox 507 2424 650 2507; x_wconf 83' lang='lat' dir='ltr'>stirpium</span> <span class='ocrx_word' id='word_1_114' title='bbox 674 2425 706 2488; x_wconf 93' lang='lat' dir='ltr'>in</span> <span class='ocrx_word' id='word_1_115' title='bbox 730 2444 750 2485; x_wconf 77' lang='lat' dir='ltr'>rr</span> <span class='ocrx_word' id='word_1_116' title='bbox 772 2424 824 2488; x_wconf 90' lang='lat' dir='ltr'>vel</span> <span class='ocrx_word' id='word_1_117' title='bbox 846 2459 888 2468; x_wconf 95' lang='lat'>—</span> <span class='ocrx_word' id='word_1_118' title='bbox 912 2425 1061 2505; x_wconf 90' lang='lat' dir='ltr'>quoniam</span> <span class='ocrx_word' id='word_1_119' title='bbox 1083 2426 1117 2488; x_wconf 94' lang='lat' dir='ltr'>in</span> <span class='ocrx_word' id='word_1_120' title='bbox 1139 2425 1265 2508; x_wconf 89' lang='lat' dir='ltr'>priscae</span> <span class='ocrx_word' id='word_1_121' title='bbox 1287 2424 1455 2488; x_wconf 82' lang='lat' dir='ltr'>latinitatis</span> 
     </span>
     <span class='ocr_line' id='line_1_17' title="bbox 332 2519 1452 2603; baseline -0.004 -18"><span class='ocrx_word' id='word_1_122' title='bbox 332 2519 496 2585; x_wconf 88' lang='lat' dir='ltr'>vocabulis</span> <span class='ocrx_word' id='word_1_123' title='bbox 525 2522 691 2603; x_wconf 88' lang='lat' dir='ltr'>permultis</span> <span class='ocrx_word' id='word_1_124' title='bbox 718 2521 831 2586; x_wconf 89' lang='lat' dir='ltr'>literae</span> <span class='ocrx_word' id='word_1_125' title='bbox 853 2542 873 2583; x_wconf 83' lang='lat' dir='ltr'>u</span> <span class='ocrx_word' id='word_1_126' title='bbox 895 2522 1000 2585; x_wconf 89' lang='lat' dir='ltr'>locum</span> <span class='ocrx_word' id='word_1_127' title='bbox 1022 2522 1143 2586; x_wconf 80' lang='lat' dir='ltr'>vocalis</span> <span class='ocrx_word' id='word_1_128' title='bbox 1166 2542 1184 2583; x_wconf 90' lang='lat' dir='ltr'>o</span> <span class='ocrx_word' id='word_1_129' title='bbox 1206 2528 1296 2587; x_wconf 91' lang='lat' dir='ltr'>tenet</span> <span class='ocrx_word' id='word_1_130' title='bbox 1318 2521 1413 2585; x_wconf 91' lang='lat' dir='ltr'>-in</span> <span class='ocrx_word' id='word_1_131' title='bbox 1435 2539 1452 2581; x_wconf 91' lang='lat' dir='ltr'>o</span> 
     </span>
     <span class='ocr_line' id='line_1_18' title="bbox 333 2616 1348 2703; baseline 0.003 -23"><span class='ocrx_word' id='word_1_132' title='bbox 333 2616 545 2682; x_wconf 91' lang='lat' dir='ltr'>desinentium</span> <span class='ocrx_word' id='word_1_133' title='bbox 568 2619 806 2700; x_wconf 88' lang='lat' dir='ltr'>participiorum</span> <span class='ocrx_word' id='word_1_134' title='bbox 829 2620 970 2703; x_wconf 91' lang='lat' dir='ltr'>speciem</span> <span class='ocrx_word' id='word_1_135' title='bbox 992 2618 1146 2684; x_wconf 83' lang='lat' dir='ltr'>exhibere</span> <span class='ocrx_word' id='word_1_136' title='bbox 1167 2617 1348 2684; x_wconf 88' lang='lat' dir='ltr'>videantur.</span> 
     </span>
    </p>

    <p class='ocr_par' dir='ltr' id='par_1_7' title="bbox 332 2712 1452 2893">
     <span class='ocr_line' id='line_1_19' title="bbox 418 2712 1452 2799; baseline 0.004 -24"><span class='ocrx_word' id='word_1_137' title='bbox 418 2712 520 2789; x_wconf 73' lang='lat' dir='ltr'>Quam</span> <span class='ocrx_word' id='word_1_138' title='bbox 543 2715 576 2777; x_wconf 92' lang='lat' dir='ltr'>in</span> <span class='ocrx_word' id='word_1_139' title='bbox 599 2733 666 2778; x_wconf 88' lang='lat' dir='ltr'>rem</span> <span class='ocrx_word' id='word_1_140' title='bbox 688 2717 872 2798; x_wconf 89' lang='lat' dir='ltr'>priusquam</span> <span class='ocrx_word' id='word_1_141' title='bbox 895 2716 1074 2797; x_wconf 82' lang='lat' dir='ltr'>accuratius</span> <span class='ocrx_word' id='word_1_142' title='bbox 1095 2716 1302 2799; x_wconf 88' lang='lat' dir='ltr'>inquiramus,</span> <span class='ocrx_word' id='word_1_143' title='bbox 1325 2734 1452 2782; x_wconf 87' lang='lat' dir='ltr'>necesse</span> 
     </span>
     <span class='ocr_line' id='line_1_20' title="bbox 332 2809 1166 2893; baseline 0.004 -19"><span class='ocrx_word' id='word_1_144' title='bbox 332 2816 381 2874; x_wconf 89' lang='lat' dir='ltr'>est</span> <span class='ocrx_word' id='word_1_145' title='bbox 402 2809 560 2874; x_wconf 86' lang='lat' dir='ltr'>voeabula</span> <span class='ocrx_word' id='word_1_146' title='bbox 581 2811 652 2893; x_wconf 87' lang='lat' dir='ltr'>ipsa</span> <span class='ocrx_word' id='word_1_147' title='bbox 674 2813 814 2878; x_wconf 85' lang='lat' dir='ltr'>efferam.</span> <span class='ocrx_word' id='word_1_148' title='bbox 860 2814 942 2878; x_wconf 86' lang='lat' dir='ltr'>Sunt</span> <span class='ocrx_word' id='word_1_149' title='bbox 963 2814 1048 2878; x_wconf 91' lang='lat' dir='ltr'>euim</span> <span class='ocrx_word' id='word_1_150' title='bbox 1071 2814 1166 2879; x_wconf 88' lang='lat' dir='ltr'>haec:</span> 
     </span>
    </p>

    <p class='ocr_par' dir='ltr' id='par_1_8' title="bbox 329 2906 1456 3576">
     <span class='ocr_line' id='line_1_21' title="bbox 416 2906 1455 2993; baseline 0.005 -25"><span class='ocrx_word' id='word_1_151' title='bbox 416 2906 611 2969; x_wconf 72' lang='lat' dir='ltr'>Ratumenna:</span> <span class='ocrx_word' id='word_1_152' title='bbox 647 2917 738 2991; x_wconf 87' lang='lat' dir='ltr'>porta</span> <span class='ocrx_word' id='word_1_153' title='bbox 767 2912 893 2987; x_wconf 75' lang='lat' dir='ltr'>(Festus</span> <span class='ocrx_word' id='word_1_154' title='bbox 922 2931 953 2993; x_wconf 88' lang='lat' dir='ltr'>p.</span> <span class='ocrx_word' id='word_1_155' title='bbox 976 2914 1055 2993; x_wconf 74' lang='lat'>2743</span> <span class='ocrx_word' id='word_1_156' title='bbox 1086 2911 1166 2975; x_wconf 88' lang='lat' dir='ltr'>Plin.</span> <span class='ocrx_word' id='word_1_157' title='bbox 1190 2910 1285 2990; x_wconf 85' lang='lat' dir='ltr'>VIII,</span> <span class='ocrx_word' id='word_1_158' title='bbox 1313 2914 1372 2991; x_wconf 78' lang='lat'>42,</span> <span class='ocrx_word' id='word_1_159' title='bbox 1402 2914 1455 2985; x_wconf 63' lang='lat'>65}</span> 
     </span>
     <span class='ocr_line' id='line_1_22' title="bbox 332 3003 1451 3086; baseline 0.001 -17"><span class='ocrx_word' id='word_1_160' title='bbox 332 3004 486 3086; x_wconf 84' lang='lat' dir='ltr'>originem</span> <span class='ocrx_word' id='word_1_161' title='bbox 511 3003 641 3070; x_wconf 86' lang='lat' dir='ltr'>duxisse</span> <span class='ocrx_word' id='word_1_162' title='bbox 662 3026 683 3069; x_wconf 89' lang='lat' dir='ltr'>a</span> <span class='ocrx_word' id='word_1_163' title='bbox 705 3005 820 3070; x_wconf 79' lang='lat' dir='ltr'>*ratus</span> <span class='ocrx_word' id='word_1_164' title='bbox 842 3013 913 3086; x_wconf 86' lang='lat' dir='ltr'>(scr.</span> <span class='ocrx_word' id='word_1_165' title='bbox 936 3007 1071 3080; x_wconf 79' lang='lat' dir='ltr'>rutha-r,</span> <span class='ocrx_word' id='word_1_166' title='bbox 1095 3008 1205 3072; x_wconf 88' lang='lat' dir='ltr'>lituan.</span> <span class='ocrx_word' id='word_1_167' title='bbox 1228 3018 1335 3070; x_wconf 83' lang='lat' dir='ltr'>ruta-e</span> <span class='ocrx_word' id='word_1_168' title='bbox 1357 3007 1451 3085; x_wconf 91' lang='lat' dir='ltr'>(vehi-</span> 
     </span>
     <span class='ocr_line' id='line_1_23' title="bbox 330 3102 1456 3188; baseline 0.003 -23"><span class='ocrx_word' id='word_1_169' title='bbox 330 3102 465 3184; x_wconf 87' lang='lat' dir='ltr'>culum),</span> <span class='ocrx_word' id='word_1_170' title='bbox 495 3122 557 3185; x_wconf 89' lang='lat' dir='ltr'>quo</span> <span class='ocrx_word' id='word_1_171' title='bbox 586 3102 682 3167; x_wconf 91' lang='lat' dir='ltr'>etiam</span> <span class='ocrx_word' id='word_1_172' title='bbox 710 3106 765 3168; x_wconf 89' lang='lat' dir='ltr'>lat.</span> <span class='ocrx_word' id='word_1_173' title='bbox 788 3115 877 3176; x_wconf 84' lang='lat' dir='ltr'>rota,</span> <span class='ocrx_word' id='word_1_174' title='bbox 906 3104 1099 3181; x_wconf 76' lang='lat' dir='ltr'>rotundus⁴⁷l</span> <span class='ocrx_word' id='word_1_175' title='bbox 1121 3105 1298 3188; x_wconf 88' lang='lat' dir='ltr'>pertinent,</span> <span class='ocrx_word' id='word_1_176' title='bbox 1329 3104 1456 3169; x_wconf 77' lang='lat' dir='ltr'>Curtius</span> 
     </span>
     <span class='ocr_line' id='line_1_24' title="bbox 331 3200 1453 3286; baseline 0.002 -23"><span class='ocrx_word' id='word_1_177' title='bbox 331 3200 416 3275; x_wconf 81' lang='lat' dir='ltr'>(„ilb.</span> <span class='ocrx_word' id='word_1_178' title='bbox 439 3200 493 3265; x_wconf 87' lang='lat' dir='ltr'>die</span> <span class='ocrx_word' id='word_1_179' title='bbox 519 3220 636 3282; x_wconf 90' lang='lat' dir='ltr'>spuren</span> <span class='ocrx_word' id='word_1_180' title='bbox 665 3202 754 3267; x_wconf 88' lang='lat' dir='ltr'>einer</span> <span class='ocrx_word' id='word_1_181' title='bbox 777 3203 831 3265; x_wconf 89' lang='lat' dir='ltr'>lat.</span> <span class='ocrx_word' id='word_1_182' title='bbox 856 3200 1039 3283; x_wconf 84' lang='lat' dir='ltr'>0·coujug.“</span> <span class='ocrx_word' id='word_1_183' title='bbox 1064 3203 1098 3265; x_wconf 93' lang='lat' dir='ltr'>in</span> <span class='ocrx_word' id='word_1_184' title='bbox 1127 3203 1238 3286; x_wconf 86' lang='lat' dir='ltr'>Symb.</span> <span class='ocrx_word' id='word_1_185' title='bbox 1268 3202 1349 3284; x_wconf 86' lang='lat' dir='ltr'>phil.</span> <span class='ocrx_word' id='word_1_186' title='bbox 1379 3204 1453 3267; x_wconf 90' lang='lat' dir='ltr'>bon·</span> 
     </span>
     <span class='ocr_line' id='line_1_25' title="bbox 331 3297 1451 3383; baseline 0.002 -23"><span class='ocrx_word' id='word_1_187' title='bbox 331 3315 420 3361; x_wconf 92' lang='lat' dir='ltr'>nens.</span> <span class='ocrx_word' id='word_1_188' title='bbox 444 3317 476 3379; x_wconf 86' lang='lat' dir='ltr'>p.</span> <span class='ocrx_word' id='word_1_189' title='bbox 493 3300 566 3370; x_wconf 83' lang='lat'>277)</span> <span class='ocrx_word' id='word_1_190' title='bbox 594 3298 796 3380; x_wconf 79' lang='lat' dir='ltr'>conjectavit.</span> <span class='ocrx_word' id='word_1_191' title='bbox 836 3297 1013 3361; x_wconf 73' lang='lat' dir='ltr'>coamens</span> <span class='ocrx_word' id='word_1_192' title='bbox 1034 3299 1131 3381; x_wconf 90' lang='lat' dir='ltr'>igitur</span> <span class='ocrx_word' id='word_1_193' title='bbox 1151 3306 1243 3383; x_wconf 89' lang='lat' dir='ltr'>porta</span> <span class='ocrx_word' id='word_1_194' title='bbox 1264 3306 1330 3381; x_wconf 93' lang='lat' dir='ltr'>est,</span> <span class='ocrx_word' id='word_1_195' title='bbox 1359 3319 1451 3382; x_wconf 88' lang='lat' dir='ltr'>quam</span> 
     </span>
     <span class='ocr_line' id='line_1_26' title="bbox 331 3391 1450 3481; baseline 0 -24"><span class='ocrx_word' id='word_1_196' title='bbox 331 3392 446 3458; x_wconf 85' lang='lat' dir='ltr'>Graeci</span> <span class='ocrx_word' id='word_1_197' title='bbox 497 3391 623 3477; x_wconf 66' lang='lat' dir='ltr'>,nilon</span> <span class='ocrx_word' id='word_1_198' title='bbox 669 3393 891 3481; x_wconf 56' lang='lat' dir='ltr'>rpogplcrost</span> <span class='ocrx_word' id='word_1_199' title='bbox 939 3401 1010 3474; x_wconf 90' lang='lat' dir='ltr'>(nos</span> <span class='ocrx_word' id='word_1_200' title='bbox 1052 3396 1222 3479; x_wconf 77' lang='lat' dir='ltr'>waperrtor)</span> <span class='ocrx_word' id='word_1_201' title='bbox 1274 3398 1450 3480; x_wconf 86' lang='lat' dir='ltr'>appellant.</span> 
     </span>
     <span class='ocr_line' id='line_1_27' title="bbox 329 3490 1450 3576; baseline 0.003 -23"><span class='ocrx_word' id='word_1_202' title='bbox 329 3490 437 3553; x_wconf 80' lang='lat' dir='ltr'>Aliam</span> <span class='ocrx_word' id='word_1_203' title='bbox 470 3492 616 3572; x_wconf 87' lang='lat' dir='ltr'>quamvis</span> <span class='ocrx_word' id='word_1_204' title='bbox 649 3492 908 3576; x_wconf 81' lang='lat' dir='ltr'>explanationem</span> <span class='ocrx_word' id='word_1_205' title='bbox 941 3494 1055 3559; x_wconf 84' lang='lat' dir='ltr'>Festus</span> <span class='ocrx_word' id='word_1_206' title='bbox 1087 3501 1120 3560; x_wconf 90' lang='lat' dir='ltr'>et</span> <span class='ocrx_word' id='word_1_207' title='bbox 1152 3494 1274 3559; x_wconf 88' lang='lat' dir='ltr'>Plinius</span> <span class='ocrx_word' id='word_1_208' title='bbox 1295 3495 1450 3575; x_wconf 88' lang='lat' dir='ltr'>probent,</span> 
     </span>
    </p>
   </div>
   <div class='ocr_carea' id='block_1_6' title="bbox 328 3656 1458 4367">
    <p class='ocr_par' dir='ltr' id='par_1_9' title="bbox 329 3656 1458 3893">
     <span class='ocr_line' id='line_1_28' title="bbox 399 3656 1458 3728; baseline 0.001 -18"><span class='ocrx_word' id='word_1_209' title='bbox 399 3658 431 3722; x_wconf 67' lang='lat'>⁴⁶)</span> <span class='ocrx_word' id='word_1_210' title='bbox 449 3656 511 3712; x_wconf 91' lang='lat' dir='ltr'>Duo</span> <span class='ocrx_word' id='word_1_211' title='bbox 529 3658 638 3713; x_wconf 85' lang='lat' dir='ltr'>nomina</span> <span class='ocrx_word' id='word_1_212' title='bbox 648 3656 776 3713; x_wconf 79' lang='lat' dir='ltr'>Pilumno</span> <span class='ocrx_word' id='word_1_213' title='bbox 794 3665 821 3713; x_wconf 89' lang='lat' dir='ltr'>et</span> <span class='ocrx_word' id='word_1_214' title='bbox 830 3658 999 3713; x_wconf 81' lang='lat' dir='ltr'>Prosumnus</span> <span class='ocrx_word' id='word_1_215' title='bbox 1016 3660 1137 3728; x_wconf 82' lang='lat' dir='ltr'>quamvis</span> <span class='ocrx_word' id='word_1_216' title='bbox 1152 3660 1245 3715; x_wconf 89' lang='lat' dir='ltr'>eadem</span> <span class='ocrx_word' id='word_1_217' title='bbox 1257 3661 1364 3717; x_wconf 89' lang='lat' dir='ltr'>ratione</span> <span class='ocrx_word' id='word_1_218' title='bbox 1381 3662 1458 3716; x_wconf 85' lang='lat' dir='ltr'>facts.</span> 
     </span>
     <span class='ocr_line' id='line_1_29' title="bbox 329 3736 1458 3810; baseline 0.005 -21"><span class='ocrx_word' id='word_1_219' title='bbox 329 3749 389 3790; x_wconf 89' lang='lat' dir='ltr'>csse</span> <span class='ocrx_word' id='word_1_220' title='bbox 406 3736 558 3801; x_wconf 85' lang='lat' dir='ltr'>videantur,</span> <span class='ocrx_word' id='word_1_221' title='bbox 584 3738 638 3793; x_wconf 90' lang='lat' dir='ltr'>huc</span> <span class='ocrx_word' id='word_1_222' title='bbox 658 3754 712 3792; x_wconf 91' lang='lat' dir='ltr'>non</span> <span class='ocrx_word' id='word_1_223' title='bbox 729 3739 874 3807; x_wconf 83' lang='lat' dir='ltr'>pertinent.</span> <span class='ocrx_word' id='word_1_224' title='bbox 910 3739 981 3793; x_wconf 90' lang='lat' dir='ltr'>Sunt</span> <span class='ocrx_word' id='word_1_225' title='bbox 997 3738 1069 3793; x_wconf 76' lang='lat' dir='ltr'>enIm</span> <span class='ocrx_word' id='word_1_226' title='bbox 1086 3739 1195 3794; x_wconf 85' lang='lat' dir='ltr'>nomina</span> <span class='ocrx_word' id='word_1_227' title='bbox 1212 3754 1227 3793; x_wconf 90' lang='lat' dir='ltr'>e</span> <span class='ocrx_word' id='word_1_228' title='bbox 1244 3739 1339 3808; x_wconf 85' lang='lat' dir='ltr'>lingua</span> <span class='ocrx_word' id='word_1_229' title='bbox 1355 3756 1458 3810; x_wconf 79' lang='lat' dir='ltr'>graece</span> 
     </span>
     <span class='ocr_line' id='line_1_30' title="bbox 329 3816 1061 3893; baseline 0.011 -26"><span class='ocrx_word' id='word_1_230' title='bbox 329 3816 423 3882; x_wconf 86' lang='lat' dir='ltr'>petits,</span> <span class='ocrx_word' id='word_1_231' title='bbox 443 3832 557 3884; x_wconf 89' lang='lat' dir='ltr'>quorum</span> <span class='ocrx_word' id='word_1_232' title='bbox 574 3819 690 3873; x_wconf 78' lang='lat' dir='ltr'>alterum</span> <span class='ocrx_word' id='word_1_233' title='bbox 728 3856 731 3863; x_wconf 82' lang='grc'>.</span> <span class='ocrx_word' id='word_1_234' title='bbox 1057 3888 1061 3893; x_wconf 34' lang='grc'><em>,</em></span> 
     </span>
    </p>

    <p class='ocr_par' dir='ltr' id='par_1_10' title="bbox 329 3894 1457 4046">
     <span class='ocr_line' id='line_1_31' title="bbox 398 3894 1457 3969; baseline 0.004 -20"><span class='ocrx_word' id='word_1_235' title='bbox 398 3894 587 3953; x_wconf 65' lang='lat' dir='ltr'>Pr&#39;lamr&#39;rrcll¹</span> <span class='ocrx_word' id='word_1_236' title='bbox 606 3899 627 3951; x_wconf 93' lang='grc' dir='ltr'>Ι.</span> <span class='ocrx_word' id='word_1_237' title='bbox 645 3901 676 3953; x_wconf 90' lang='lat' dir='ltr'>L.</span> <span class='ocrx_word' id='word_1_238' title='bbox 700 3898 721 3964; x_wconf 94' lang='lat' dir='ltr'>I,</span> <span class='ocrx_word' id='word_1_239' title='bbox 742 3902 803 3952; x_wconf 82' lang='lat'><strong>1211</strong></span> <span class='ocrx_word' id='word_1_240' title='bbox 832 3898 919 3953; x_wconf 78' lang='lat' dir='ltr'>latina</span> <span class='ocrx_word' id='word_1_241' title='bbox 941 3898 1101 3955; x_wconf 80' lang='lat' dir='ltr'>formatione</span> <span class='ocrx_word' id='word_1_242' title='bbox 1125 3914 1283 3969; x_wconf 87' lang='lat' dir='ltr'>expressum</span> <span class='ocrx_word' id='word_1_243' title='bbox 1306 3901 1379 3957; x_wconf 83' lang='lat' dir='ltr'>idem</span> <span class='ocrx_word' id='word_1_244' title='bbox 1403 3908 1457 3964; x_wconf 81' lang='lat' dir='ltr'>est,</span> 
     </span>
     <span class='ocr_line' id='line_1_32' title="bbox 329 3975 1141 4046; baseline 0.005 -17"><span class='ocrx_word' id='word_1_245' title='bbox 329 3975 401 4043; x_wconf 89' lang='lat' dir='ltr'>quod</span> <span class='ocrx_word' id='word_1_246' title='bbox 418 3990 457 4043; x_wconf 87' lang='lat' dir='ltr'>gr.</span> <span class='ocrx_word' id='word_1_247' title='bbox 477 3977 640 4046; x_wconf 73' lang='grc' dir='ltr'><strong><em>Φιλουμένης</em></strong></span> <span class='ocrx_word' id='word_1_248' title='bbox 664 3979 779 4033; x_wconf 83' lang='lat' dir='ltr'>alterum</span> <span class='ocrx_word' id='word_1_249' title='bbox 1138 4003 1141 4008; x_wconf 93' lang='lat'>·</span> 
     </span>
    </p>

    <p class='ocr_par' dir='ltr' id='par_1_11' title="bbox 330 4054 1458 4206">
     <span class='ocr_line' id='line_1_33' title="bbox 396 4054 1458 4130; baseline 0.001 -20"><span class='ocrx_word' id='word_1_250' title='bbox 396 4054 567 4112; x_wconf 65' lang='lat' dir='ltr'>prosumnus</span> <span class='ocrx_word' id='word_1_251' title='bbox 583 4059 685 4113; x_wconf 86' lang='lat' dir='ltr'>Amob.</span> <span class='ocrx_word' id='word_1_252' title='bbox 704 4058 762 4112; x_wconf 86' lang='lat' dir='ltr'>adv.</span> <span class='ocrx_word' id='word_1_253' title='bbox 779 4074 803 4126; x_wconf 88' lang='lat' dir='ltr'>g.</span> <span class='ocrx_word' id='word_1_254' title='bbox 822 4064 846 4123; x_wconf 87' lang='lat'>5,</span> <span class='ocrx_word' id='word_1_255' title='bbox 865 4062 897 4112; x_wconf 79' lang='lat'>29</span> <span class='ocrx_word' id='word_1_256' title='bbox 921 4086 955 4105; x_wconf 93' lang='lat'>=</span> <span class='ocrx_word' id='word_1_257' title='bbox 977 4074 1016 4127; x_wconf 87' lang='lat' dir='ltr'>gr.</span> <span class='ocrx_word' id='word_1_258' title='bbox 1035 4058 1194 4127; x_wconf 79' lang='grc' dir='ltr'><em>πρόσυμνος</em></span> <span class='ocrx_word' id='word_1_259' title='bbox 1216 4074 1250 4113; x_wconf 86' lang='lat' dir='ltr'>ex</span> <span class='ocrx_word' id='word_1_260' title='bbox 1271 4076 1366 4130; x_wconf 85' lang='lat' dir='ltr'>praep.</span> <span class='ocrx_word' id='word_1_261' title='bbox 1384 4057 1458 4129; x_wconf 58' lang='grc' dir='ltr'>πρός</span> 
     </span>
     <span class='ocr_line' id='line_1_34' title="bbox 330 4135 824 4206; baseline 0.002 -17"><span class='ocrx_word' id='word_1_262' title='bbox 330 4141 356 4189; x_wconf 86' lang='lat' dir='ltr'>et</span> <span class='ocrx_word' id='word_1_263' title='bbox 374 4136 459 4189; x_wconf 87' lang='lat' dir='ltr'>subst.</span> <span class='ocrx_word' id='word_1_264' title='bbox 478 4135 562 4205; x_wconf 78' lang='grc' dir='ltr'><em>ὕμνος</em></span> <span class='ocrx_word' id='word_1_265' title='bbox 580 4139 758 4206; x_wconf 90' lang='lat' dir='ltr'>compositum</span> <span class='ocrx_word' id='word_1_266' title='bbox 775 4144 824 4191; x_wconf 87' lang='lat' dir='ltr'>est.</span> 
     </span>
    </p>

    <p class='ocr_par' dir='ltr' id='par_1_12' title="bbox 328 4216 1457 4367">
     <span class='ocr_line' id='line_1_35' title="bbox 398 4216 1457 4277; baseline 0.005 -8"><span class='ocrx_word' id='word_1_267' title='bbox 398 4216 431 4277; x_wconf 82' lang='lat'>⁴⁷)</span> <span class='ocrx_word' id='word_1_268' title='bbox 453 4216 495 4270; x_wconf 91' lang='lat' dir='ltr'>De</span> <span class='ocrx_word' id='word_1_269' title='bbox 512 4216 705 4271; x_wconf 85' lang='lat' dir='ltr'>vocabulorum</span> <span class='ocrx_word' id='word_1_270' title='bbox 724 4219 826 4271; x_wconf 62' lang='lat' dir='ltr'>*ratus</span> <span class='ocrx_word' id='word_1_271' title='bbox 844 4220 871 4271; x_wconf 89' lang='lat' dir='ltr'>et</span> <span class='ocrx_word' id='word_1_272' title='bbox 894 4226 956 4273; x_wconf 79' lang='lat' dir='ltr'>rota</span> <span class='ocrx_word' id='word_1_273' title='bbox 973 4219 1104 4273; x_wconf 86' lang='lat' dir='ltr'>vocalium</span> <span class='ocrx_word' id='word_1_274' title='bbox 1121 4219 1252 4274; x_wconf 72' lang='lat' dir='ltr'>venetute</span> <span class='ocrx_word' id='word_1_275' title='bbox 1271 4220 1306 4274; x_wconf 80' lang='lat' dir='ltr'>cf.</span> <span class='ocrx_word' id='word_1_276' title='bbox 1331 4222 1377 4276; x_wconf 83' lang='lat' dir='ltr'>lat</span> <span class='ocrx_word' id='word_1_277' title='bbox 1396 4221 1457 4275; x_wconf 75' lang='lat' dir='ltr'>orie·</span> 
     </span>
     <span class='ocr_line' id='line_1_36' title="bbox 328 4294 1160 4367; baseline 0.007 -22"><span class='ocrx_word' id='word_1_278' title='bbox 328 4294 357 4345; x_wconf 86' lang='lat' dir='ltr'>et</span> <span class='ocrx_word' id='word_1_279' title='bbox 374 4294 457 4348; x_wconf 81' lang='lat' dir='ltr'>acillo</span> <span class='ocrx_word' id='word_1_280' title='bbox 474 4296 595 4360; x_wconf 78' lang='lat' dir='ltr'>lucillus:</span> <span class='ocrx_word' id='word_1_281' title='bbox 619 4296 676 4351; x_wconf 84' lang='lat' dir='ltr'>oris</span> <span class='ocrx_word' id='word_1_282' title='bbox 693 4301 814 4351; x_wconf 86' lang='lat' dir='ltr'>recentes</span> <span class='ocrx_word' id='word_1_283' title='bbox 831 4301 936 4367; x_wconf 84' lang='lat' dir='ltr'>partus,</span> <span class='ocrx_word' id='word_1_284' title='bbox 953 4298 1029 4353; x_wconf 85' lang='lat' dir='ltr'>Psul.</span> <span class='ocrx_word' id='word_1_285' title='bbox 1049 4313 1089 4366; x_wconf 86' lang='lat' dir='ltr'>ep.</span> <span class='ocrx_word' id='word_1_286' title='bbox 1112 4304 1160 4366; x_wconf 77' lang='lat' dir='ltr'>il).</span> 
     </span>
    </p>
   </div>
   <div class='ocr_carea' id='block_1_7' title="bbox 0 0 1792 5334">
    <p class='ocr_par' dir='ltr' id='par_1_13' title="bbox 0 0 1792 5334">
     <span class='ocr_line' id='line_1_37' title="bbox 0 0 1792 5334; baseline 0 0"><span class='ocrx_word' id='word_1_287' title='bbox 0 0 1792 5334; x_wconf 95' lang='lat' dir='ltr'> </span> 
     </span>
    </p>
   </div>
  </div>
 </body>
</html>
