3575 5334
729 698 761 752 de
779 698 893 753 dialecto
912 699 1066 753 herodotea.
1399 695 1459 755 175

334 890 508 953 usurpasse
536 869 624 935 haud
645 876 733 935 reete
756 870 870 936 dieitur
900 866 1085 955 (ἀφέωνται
1106 869 1249 949 innovo
1271 874 1341 935 test.
1365 868 1462 935 usita-

333 976 401 1035 tum
429 1003 472 1013 -
498 988 548 1034 ev.
572 968 685 1032 Matth.
714 971 763 1050 12,
792 972 842 1034 31.
874 967 1050 1033 32α1.-
1077 967 1148 1033 sine
1176 966 1274 1033 dubio
1302 986 1320 1032 e
1348 968 1461 1049 lingua

333 1066 460 1149 vulgari
484 1064 594 1131 doriea
622 1066 755 1148 petitum
778 1072 827 1132 est
848 1066 888 1131 of.
911 1065 1049 1132 Bredov.
1072 1086 1112 1149 p..
1127 1067 1212 1137 396).
1256 1064 1363 1143 Quare
1384 1064 1460 1129 Bre-

334 1164 464 1245 dovins,
493 1162 548 1245 qui
576 1154 740 1227 ἀνέωνται
767 1162 799 1226 in
830 1164 899 1228 solo
925 1162 1036 1229 codiee
1060 1160 1232 1229 Cexstare
1254 1160 1458 1242 existimavit,

333 1263 417 1327 hane
446 1261 579 1325 termam
610 1266 647 1324 ut
674 1258 796 1325 librarii
819 1260 986 1342 cujusdam
1013 1259 1089 1326 novi
1110 1260 1293 1325 testamenti
1314 1257 1460 1323 reeorda-

332 1358 422 1424 tione
456 1357 591 1440 permoti
625 1363 837 1422 surrecturam
870 1356 1046 1422 damnavit.
1101 1356 1301 1440 Quamquam
1332 1354 1459 1422 codices

332 1456 406 1521 huie
429 1455 609 1521 sententiae
630 1475 697 1519 non
719 1454 844 1537 favent3
873 1455 990 1537 legitor
1012 1450 1178 1519 ἀνέωνται
1199 1454 1233 1520 in
1255 1451 1351 1518 ABG
1369 1454 1405 1541 (i.
1429 1472 1457 1519 e.

331 1552 365 1617 in
387 1553 492 1617 altera
512 1550 647 1627 familia)
676 1552 816 1633 itemque
838 1552 872 1617 in
896 1553 1040 1635 margine
1062 1551 1215 1632 Parisini,
1245 1548 1402 1617 ἀνέονται
1423 1552 1460 1617 in

328 1644 401 1716 'solo
424 1648 581 1729 Parisino,
604 1644 688 1712 ἀλλά
711 1644 844 1713 νέονται
866 1670 925 1732 pro
947 1642 1023 1713 ἀλλ’
1042 1644 1197 1713 ἀνὲονται
1218 1650 1252 1714 in
1275 1650 1344 1732 Ed,
1367 1668 1458 1733 prae·

331 1753 421 1813 terea
443 1741 601 1811 ἀνεῖνται
621 1746 655 1810 in
676 1745 820 1811 Medieeo
844 1747 899 1823 (A)
927 1747 969 1811 ab
997 1747 1100 1811 altera
1121 1746 1267 1811 additum
1290 1753 1339 1812 est
1359 1766 1458 1811 manu

332 1851 363 1911 et
393 1845 430 1909 in
462 1843 607 1925 margine
635 1843 802 1909 Passionei
835 1841 891 1919 (B)
924 1843 1041 1926 iegitur
1073 1841 1221 1909 ἀνίενται
1250 1842 1300 1929 γρ’
1330 1842 1367 1909 ἐκ
1397 1848 1457 1908 τοῦ

331 1937 450 2027 ἀνίημι
473 1934 494 2026 ἢ
517 1937 555 2006 ἐκ
577 1946 637 2004 τοῦ
660 1938 715 2005 ἕω.
759 1939 850 2018 Quae
872 1941 900 2005 si
922 1948 1116 2023 reputamus,
1145 1941 1275 2007 dubium
1298 1961 1457 2008 essenon

330 2045 452 2122 potest,
486 2036 562 2118 quin
592 2033 755 2102 ἀνέωνται
784 2057 861 2101 vera
888 2037 1020 2102 alterius
1052 2037 1195 2105 familiae
1223 2046 1260 2103 X
1289 2040 1455 2122 scriptura,

330 2136 549 2201 αλλανεονται
579 2138 741 2211 (attentus
763 2134 884 2211 omitto)
913 2135 947 2198 in
973 2136 1007 2196 Ψ
1025 2134 1135 2217 inerit,
1170 2131 1320 2200 ἀνεῖνται
1348 2143 1457 2201 autem

330 2231 505 2316 explieatio
526 2230 659 2323 'librarii
692 2231 856 2314 eujusdam
891 2231 1044 2296 habenda
1072 2232 1123 2297 sit.
1167 2233 1319 2299 Potestne
1348 2239 1456 2299 antem

329 2330 432 2395 forma
460 2325 626 2393 ἀνέωνται
652 2329 693 2393 ab
721 2329 823 2411 ipsius
845 2327 999 2394 Herodoti
1022 2331 1260 2413 manuscripta
1282 2330 1377 2395 esse?
1421 2330 1455 2395 Si
1562 2360 1566 2369 ·

329 2426 407 2509 quid
428 2423 541 2506 video,
570 2431 683 2509 potest.
728 2428 853 2508 Errant,
883 2426 937 2508 qui
959 2425 1043 2491 hane
1068 2425 1201 2491 formam
1223 2428 1300 2493 solis
1320 2427 1456 2491 Dorien-

329 2523 418 2589 sibus
440 2522 598 2602 tribuunt,
627 2543 699 2588 eum
721 2524 755 2588 in
777 2523 869 2587 titulo
892 2523 1041 2588 areadioo
1064 2530 1127 2607 teg.
1152 2545 1182 2587 v.
1209 2529 1247 2587 14
1276 2520 1455 2609 ἀφειόσθω

329 2613 456 2701 legatur
478 2626 510 2685 et
532 2617 630 2695 έωκα,
656 2618 763 2702 έωμαι
779 2641 799 2685 a
814 2622 974 2685 communi
995 2622 1147 2704 analogia
1168 2621 1298 2705 linguae
1319 2641 1455 2705 graesae

331 2717 385 2783 vix
407 2716 544 2798 resedit,
567 2722 653 2783 reete
674 2717 708 2781 in
729 2718 779 2783 Et.
803 2719 844 2782 M.
869 2718 919 2791 (of.
942 2717 1116 2785 Herodian.
1139 2720 1171 2784 Π
1192 2723 1266 2798 236)
1288 2717 1455 2785 πέπτωκα

332 2818 541 2897 eomparatur,
570 2819 606 2878 ut
627 2835 692 2879 non
713 2816 818 2896 mirer,
848 2815 876 2880 si
897 2816 984 2899 apud
1006 2817 1116 2897 Iones,
1146 2817 1222 2881 novi
1250 2818 1335 2883 tituli
1357 2818 1385 2883 si
1406 2818 1455 2882 in·

331 2912 511 2993 veniamur,
535 2910 631 2975 etiam
647 2908 780 2977 ἀνέωκα
794 2907 959 2978 ἀνέωνται
975 2914 1027 2979 vel
1049 2914 1154 2980 simile
1169 2914 1246 2996 quid
1267 2916 1453 2999 reperiatur.

331 3007 424 3086 Quod
439 3014 546 3075 autem
560 3011 593 3074 Π
609 3013 649 3074 65
672 3006 811 3089 ἀνεῖται,
834 3011 867 3074 Π
884 3015 943 3075 167
966 3011 1027 3075 VII
1049 3015 1107 3076 103
1124 3008 1330 3094 ἀνειμένους,
1352 3013 1397 3078 IV
1413 3015 1453 3077 98

331 3110 504 3185 μετείσθω
528 3108 670 3171 omnium
691 3106 844 3172 librorum
867 3127 1026 3173 consensu
1047 3107 1192 3189 traditur,
1214 3117 1300 3175 reete
1313 3111 1454 3175 Steinius

331 3212 359 3285 p.
375 3202 421 3267 LI
443 3210 553 3269 monet
569 3195 664 3286 juxta
685 3208 859 3286 μετείσθω
883 3206 979 3269 etiam
1001 3202 1224 3285 sterceratione
1246 3206 1275 3270 V
1293 3210 1350 3271 108
1374 3208 1450 3272 vlt

331 3298 388 3364 VII
418 3302 482 3365 229
518 3320 691 3367 occurrere.
746 3301 853 3380 Quare
882 3321 1074 3383 quamquam
1104 3301 1256 3367 Bredovii
1291 3305 1453 3369 sententia

331 3415 408 3463 vera
429 3416 502 3464 esse
529 3405 649 3482 potest,
679 3397 756 3464 mihi
779 3397 908 3482 quidem
937 3396 1101 3463 ἀνέωνται
1123 3418 1261 3481 magnae
1283 3400 1452 3467 offensioni

330 3513 392 3561 non
415 3501 474 3561 est.

677 3721 679 3725 ἀ
800 3733 820 3811 ξ
843 3735 872 3796 8.
918 3754 980 3795 eoa.

411 3881 481 3945 Iam
512 3902 553 3946 ex
583 3883 646 3964 eis,
681 3902 763 3966 quae
791 3882 896 3948 adhue
925 3882 1076 3964 disserui,
1110 3883 1280 3967 unicuique
1308 3887 1451 3970 patefieri

332 3974 424 4043 debet
451 3980 581 4045 vooales
610 3981 797 4046 toilonum
825 3980 1044 4047 instrumentis
1072 3982 1220 4063 loquelae
1246 3982 1332 4047 haud
1354 3984 1451 4049 mole-

331 4078 393 4139 stas
416 4092 489 4140 esse
510 4077 663 4158 potuisse.
708 4078 749 4142 nt
770 4096 805 4143 re
827 4098 921 4160 vera,
949 4085 984 4142 ut
1006 4098 1048 4143 ex
1069 4102 1145 4157 ειοε,
1173 4102 1225 4143 sot
1246 4077 1295 4157 fit,
1319 4078 1366 4144 sie
1388 4103 1449 4156 τοι,

331 4169 395 4237 sive
418 4195 433 4236 ε
457 4172 492 4236 in
519 4172 634 4256 prioris
653 4174 678 4257 j
697 4175 802 4239 locum
828 4175 994 4256 sueoessit,
1023 4176 1092 4241 sive
1119 4176 1202 4240 inter
1225 4198 1241 4238 ε
1265 4181 1296 4238 et
1318 4197 1352 4238 οι
1374 4175 1451 4239 olim

332 4266 454 4349 spirans
476 4269 633 4351 quaedam
657 4270 730 4352 fuit,
754 4271 892 4337 solutum
914 4279 1039 4351 manet;
1068 4272 1145 4337 illue
1167 4269 1354 4339 referendae
1376 4278 1454 4337 sunt.
