3575 5334
637 726 670 780 de
687 726 801 781 dialecto
820 725 913 781 Attica
930 724 1085 779 vetustiore.
1120 724 1155 780 Π.
1395 722 1457 784 409

333 903 475 963 exarato.
519 895 683 981 φραδαῖσι
710 901 787 980 423,
810 909 826 960 3
853 898 887 962 in
916 898 1009 963 titulo
1039 895 1164 962 donarii
1191 896 1384 962 Archedemi
1411 898 1458 963 in·

332 1001 440 1060 certae
462 995 578 1060 aetatis
599 993 724 1060 ludicra
745 1003 777 1061 ct
799 995 937 1062 dialecto
961 1000 993 1061 et
1014 994 1181 1059 literatura
1203 1000 1343 1059 exarato.

418 1092 500 1157 haec
522 1112 625 1174 pauca
648 1112 748 1174 eaque
770 1113 836 1159 non
863 1095 908 1159 ita
929 1110 1067 1174 magnae
1088 1091 1286 1157 auctoritatis
1309 1095 1459 1176 exempla

333 1189 524 1256 documento
546 1196 619 1255 sunt
640 1191 870 1273 Athenienses,
894 1210 966 1257 cum
989 1187 1132 1253 dativum
1154 1188 1236 1271 plur.
1259 1189 1382 1272 primae
1405 1190 1459 1257 de·

333 1286 516 1352 clinationis
546 1307 586 1352 ex
613 1288 766 1369 analogia
791 1287 954 1354 secundae
981 1291 1158 1364 mutarent,
1189 1285 1249 1351 etsi
1280 1287 1456 1354 breviorem

332 1384 466 1449 formam
503 1387 597 1459 (-αις)
635 1405 699 1449 non
737 1386 844 1451 statim
878 1385 1096 1467 arripuerunt,
1134 1390 1242 1448 tamen
1279 1403 1457 1468 perpaucos

332 1501 436 1547 annos
457 1482 491 1546 in
513 1482 621 1547 media
643 1482 745 1547 forma
766 1503 856 1546 -ator
879 1480 1103 1565 permansisse.
1141 1479 1227 1563 quod
1248 1480 1363 1545 mirum
1386 1501 1458 1548 esse

331 1598 397 1643 non
420 1585 539 1661 potest,
570 1580 644 1661 quia
666 1599 704 1643 eo
727 1588 885 1662 tempore,
918 1598 981 1662 quc
1003 1577 1155 1659 analogia
1176 1578 1337 1644 secundae
1360 1579 1457 1645 decli-

331 1675 482 1757 nationis,
506 1683 541 1741 nt
558 1676 608 1741 ita
630 1677 749 1759 dicam,
773 1678 806 1741 in
829 1677 964 1760 primam
987 1676 1126 1759 irrepsit,
1150 1676 1221 1757 ipsa
1243 1698 1331 1740 -οισι
1352 1678 1457 1742 termi-

331 1773 419 1839 natio
448 1773 512 1837 iam
536 1798 548 1837 ι
570 1773 699 1840 finalem
726 1775 887 1841 amiserat.
933 1774 1018 1856 quod
1046 1773 1131 1837 infra
1154 1774 1311 1856 exemplis
1333 1775 1457 1857 epigra-

332 1871 435 1953 phicis
457 1870 660 1937 confirmabo.
690 1892 775 1937 nunc
792 1880 901 1953 restat,
926 1880 959 1937 ut
981 1870 1108 1935 dativos
1129 1870 1252 1946 ἤια-αις
1273 1871 1457 1938 desinentes

332 1967 479 2049 adiciam,
503 1968 556 2050 qui
579 1969 656 2035 inde
677 1971 718 2033 ab
745 1968 791 2034 Ol.
815 1967 858 2033 90
880 1991 944 2034 non
967 1970 1013 2033 ita
1034 1987 1106 2031 raro
1128 1968 1344 2050 reperiuntur:

419 2070 474 2140 (5.)
524 2070 619 2144 ταῖ[ς]
653 2064 819 2149 νύμ1φαι1ς
849 2072 927 2150 424,
957 2079 980 2131 3.
1010 2080 1033 2127 4.
1071 2063 1238 2148 νύ[μφ]αις
1270 2070 1347 2147 425,
1379 2078 1402 2132 2.
1432 2080 1457 2132 3.

331 2169 499 2245 utrumque
521 2164 618 2245 paulo
641 2172 716 2229 ante
742 2164 788 2228 Ol.
812 2162 869 2238 87,
893 2164 1006 2230 sedin
1028 2162 1169 2227 donariis
1191 2162 1400 2245 Archedemi,
1423 2164 1457 2229 in

332 2261 446 2343 quibus
469 2261 587 2325 Dorica
610 2260 765 2327 dialectos
787 2262 913 2329 Atticae
935 2261 1081 2326 immixta
1103 2265 1161 2324 est.

417 2362 552 2437 ταμίαις
576 2362 645 2423 125.
673 2363 742 2425 133.
769 2363 838 2425 138.
864 2363 935 2439 157,
958 2371 982 2424 2.
1004 2371 1029 2419 4.
1056 2360 1125 2421 158.
1151 2359 1211 2420 166
1233 2387 1276 2406 =
1301 2356 1348 2420 91.
1365 2355 1417 2431 99,
1438 2357 1457 2420 4

330 2491 374 2501 -
403 2454 514 2529 92,1.
554 2448 825 2539 Ἑλληνοταμίαις
853 2458 945 2538 3211,
969 2468 993 2517 6.
1040 2457 1175 2532 ταμίαις
1201 2465 1238 2518 18.
1277 2451 1310 2517 ἓν
1341 2447 1395 2530 αἷς
1416 2466 1456 2519 29.

331 2553 416 2618 hunc
438 2553 564 2618 titulum
592 2552 654 2635 ipsi
681 2553 728 2617 Ol.
750 2552 793 2618 90
815 2552 1031 2619 Kirchhoffius
1059 2551 1170 2616 tribuit
1199 2556 1241 2628 (v.
1264 2557 1457 2617 commenta·

331 2651 452 2715 tionum
476 2651 566 2715 acad.
591 2652 695 2716 Berol.
722 2654 803 2715 1864
826 2672 856 2733 p.
881 2655 950 2733 28),
981 2670 1044 2733 qua
1072 2655 1179 2714 aetate
1206 2648 1363 2715 recentior
1386 2669 1456 2715 esse

331 2768 397 2813 non
420 2753 534 2830 potest,
559 2747 633 2829 quia
654 2748 688 2811 in
711 2750 811 2813 altero
834 2751 937 2815 latere
952 2748 1001 2828 (B,
1017 2751 1058 2824 20)
1082 2746 1178 2812 etiam
1201 2747 1334 2828 antiqua
1355 2748 1457 2812 forma
1534 2774 1541 2801 ι

332 2849 472 2925 ταμίασι
496 2850 610 2909 exstat.
646 2852 720 2919 ταῖς
743 2850 793 2926 54,
817 2858 840 2910 6.
870 2845 1007 2922 ταύταις
1028 2848 1102 2920 ταῖς
1125 2857 1163 2909 14.
1190 2840 1457 2927 Ἑλληνοταμίαις

333 2942 440 3023 2731),
470 2953 510 3005 26.
549 2941 690 3021 [χιλίαις
719 2942 879 3023 δραχμαῖς
907 2944 934 3022 1,
964 2955 1002 3005 34.
1040 2935 1268 3023 τετρακασίαίς
1297 2942 1457 3024 δραχμαῖς

331 3038 353 3120 1,
375 3051 430 3119 4ο.ι
447 3074 488 3084 -
517 3039 597 3104 haec
625 3059 750 3122 quoque
779 3046 987 3105 monumenta
1009 3044 1063 3113 (54
1084 3045 1117 3103 et
1139 3041 1213 3113 273)
1242 3038 1290 3102 Ol.
1313 3037 1356 3103 90
1377 3040 1457 3105 anti*-

332 3135 443 3218 quiora
471 3156 535 3201 nou
565 3156 636 3202 esse
664 3144 793 3220 propter
821 3137 938 3202 formas
966 3138 999 3200 in
1028 3159 1099 3211 -αις
1132 3135 1317 3201 desinentes
1345 3136 1457 3201 Kirch·

331 3232 449 3298 hosfius
476 3233 613 3312 iudicat,
643 3253 834 3315 quamquam
863 3234 948 3299 idem
980 3235 1013 3297 in
1042 3239 1175 3313 utroque
1201 3234 1297 3298 etiam
1320 3234 1393 3298 aliis
1416 3233 1457 3299 de

332 3332 437 3396 causis
470 3330 537 3396 veri
567 3331 670 3397 simile
699 3339 756 3397 est.
801 3332 842 3396 de
871 3335 932 3395 273
962 3331 1001 3395 cf.
1030 3337 1200 3395 comment.
1229 3330 1320 3394 acad.
1351 3331 1455 3396 Berol.

334 3432 416 3494 1864
438 3449 469 3512 p.
493 3431 532 3492 27
549 3448 595 3509 sq.
618 3465 660 3475 -
685 3429 910 3506 [αε11ιασταῖς
934 3433 1011 3509 ssa,
1034 3442 1058 3492 5.
1090 3421 1142 3503 αἶς
1165 3429 1202 3509 1),
1225 3440 1248 3490 8.
1273 3426 1457 3508 [στρα]τιώ-

331 3548 405 3601 ταις
429 3544 456 3605 e,
484 3536 499 3587 3
525 3524 572 3588 Ol.
594 3522 646 3597 91,
671 3526 700 3588 1.
729 3520 999 3610 Ἑλληνοταμίαις
1024 3525 1122 3607 18311,
1146 3538 1169 3587 4.
1202 3545 1229 3606 e,
1245 3537 1268 3587 9.
1293 3537 1330 3588 tt.
1355 3538 1456 3590 1815.

332 3615 542 3697 ἀθλοθέταις
564 3622 595 3700 d,
618 3635 642 3684 5.
674 3622 894 3706 superaturam
918 3624 948 3705 d,
971 3636 995 3686 8.
1020 3636 1047 3684 10
1073 3622 1120 3687 Ol.
1143 3620 1194 3696 91,
1217 3621 1247 3683 2.
1277 3656 1319 3667 -
1344 3617 1456 3707 Ἕλλη·

331 3725 505 3801 ταταμίαις
531 3722 600 3799 188,
617 3731 640 3780 4.
657 3731 680 3784 8.
696 3732 719 3782 9.
740 3733 775 3783 1ο.
795 3734 831 3799 tt,
856 3723 994 3804 saepius.
1026 3712 1234 3795 ἀθλοθέταις
1252 3732 1267 3780 5
1292 3718 1340 3783 Ol.
1356 3717 1408 3794 92,
1424 3719 1454 3784 3.

330 3853 373 3864 —
396 3813 555 3899 πρίαταις
578 3820 675 3898 eata,
692 3830 729 3880 29.
747 3831 785 3881 35.
802 3830 841 3880 42.
880 3816 1172 3894 concamarare.
1210 3815 1456 3901 κηροπλάσταις

331 3934 358 3995 c,
380 3926 411 3996 8,
444 3913 491 3977 Ol.
514 3912 566 3987 93,
590 3913 620 3979 1.
654 3950 695 3959 -
728 3910 1018 3999 [Ἑλληνοταμμαις
1050 3920 1124 3996 140,
1147 3927 1177 3976 25
1209 3914 1256 3979 Ol.
1279 3913 1330 3989 93,
1353 3914 1383 3979 3.
1413 3952 1456 3963 -

332 4034 508 4091 ....ραις
530 4015 606 4092 eea,
630 4011 680 4074 127

417 4109 517 4174 Multo
540 4108 713 4190 simplicior
736 4129 830 4193 quam
859 4110 1049 4190 formarum,
1080 4129 1159 4191 quas
1185 4108 1280 4174 modo
1309 4112 1454 4189 tractavi,

332 4205 485 4271 conditio
502 4205 681 4271 dativorum
710 4207 871 4272 secundae
893 4206 1119 4273 declinationis
1141 4215 1199 4273 cst.
1244 4206 1298 4291 qui
1320 4227 1392 4272 cum
1413 4208 1454 4272 ab

330 4303 422 4369 initio
444 4304 479 4368 in
494 4324 581 4367 -αιαι
596 4302 789 4384 desinerent,
813 4305 935 4369 nullam
958 4305 1056 4370 aliam
1078 4305 1287 4371 mutationem
1303 4313 1456 4388 expertae
