<?xml version="1.0" encoding="UTF-8"?>
<!DOCTYPE html PUBLIC "-//W3C//DTD XHTML 1.0 Transitional//EN"
    "http://www.w3.org/TR/xhtml1/DTD/xhtml1-transitional.dtd">
<html xmlns="http://www.w3.org/1999/xhtml" xml:lang="en" lang="en">
 <head>
  <title>
</title>
<meta http-equiv="Content-Type" content="text/html;charset=utf-8" />
  <meta name='ocr-system' content='tesseract 3.04.00' />
  <meta name='ocr-capabilities' content='ocr_page ocr_carea ocr_par ocr_line ocrx_word'/>
</head>
<body>
  <div class='ocr_page' id='page_1' title='image "./studienzurgriec00curtgoog_0391.png"; bbox 0 0 3575 5334; ppageno 0'>
   <div class='ocr_carea' id='block_1_1' title="bbox 403 711 1372 784">
    <p class='ocr_par' dir='ltr' id='par_1_1' title="bbox 403 711 1372 784">
     <span class='ocr_line' id='line_1_1' title="bbox 403 711 1372 784; baseline 0.01 -18"><span class='ocrx_word' id='word_1_1' title='bbox 403 711 437 766; x_wconf 90' lang='lat' dir='ltr'><strong>de</strong></span> <span class='ocrx_word' id='word_1_2' title='bbox 454 712 607 767; x_wconf 89' lang='lat' dir='ltr'><strong>nominibus</strong></span> <span class='ocrx_word' id='word_1_3' title='bbox 625 712 785 767; x_wconf 82' lang='lat' dir='ltr'><strong>suffixorum</strong></span> <span class='ocrx_word' id='word_1_4' title='bbox 803 720 858 768; x_wconf 75' lang='lat' dir='ltr'><strong>urt—</strong></span> <span class='ocrx_word' id='word_1_5' title='bbox 877 717 905 769; x_wconf 88' lang='lat' dir='ltr'><strong>et</strong></span> <span class='ocrx_word' id='word_1_6' title='bbox 922 715 1007 769; x_wconf 83' lang='lat' dir='ltr'><strong>mino·</strong></span> <span class='ocrx_word' id='word_1_7' title='bbox 1025 729 1077 784; x_wconf 86' lang='lat' dir='ltr'><strong>ope</strong></span> <span class='ocrx_word' id='word_1_8' title='bbox 1094 716 1224 772; x_wconf 83' lang='lat' dir='ltr'><strong>formatis.</strong></span> <span class='ocrx_word' id='word_1_9' title='bbox 1312 714 1372 776; x_wconf 86' lang='lat'><strong>381</strong></span> 
     </span>
    </p>
   </div>
   <div class='ocr_carea' id='block_1_2' title="bbox 246 884 1379 2316">
    <p class='ocr_par' dir='ltr' id='par_1_2' title="bbox 248 884 1379 1359">
     <span class='ocr_line' id='line_1_2' title="bbox 337 884 1375 961; baseline 0.006 -15"><span class='ocrx_word' id='word_1_10' title='bbox 337 884 441 947; x_wconf 81' lang='lat' dir='ltr'><strong>lamae</strong></span> <span class='ocrx_word' id='word_1_11' title='bbox 465 884 517 961; x_wconf 86' lang='lat' dir='ltr'><strong>(cf.·</strong></span> <span class='ocrx_word' id='word_1_12' title='bbox 539 884 683 959; x_wconf 52' lang='lat' dir='ltr'><strong>luminat·</strong></span> <span class='ocrx_word' id='word_1_13' title='bbox 707 885 856 959; x_wconf 83' lang='lat' dir='ltr'><strong>alumnus,</strong></span> <span class='ocrx_word' id='word_1_14' title='bbox 880 886 1033 960; x_wconf 79' lang='lat' dir='ltr'><strong>colomeo,</strong></span> <span class='ocrx_word' id='word_1_15' title='bbox 1056 887 1233 961; x_wconf 73' lang='lat' dir='ltr'><strong>Haemona,</strong></span> <span class='ocrx_word' id='word_1_16' title='bbox 1264 888 1375 952; x_wconf 82' lang='lat' dir='ltr'><strong>Vertu-</strong></span> 
     </span>
     <span class='ocr_line' id='line_1_3' title="bbox 249 981 1373 1067; baseline 0.004 -23"><span class='ocrx_word' id='word_1_17' title='bbox 249 1002 353 1054; x_wconf 83' lang='lat' dir='ltr'><strong>mnus,</strong></span> <span class='ocrx_word' id='word_1_18' title='bbox 384 981 567 1053; x_wconf 73' lang='lat' dir='ltr'><strong>Volumnum,-</strong></span> <span class='ocrx_word' id='word_1_19' title='bbox 596 992 773 1056; x_wconf 83' lang='lat' dir='ltr'><strong>autumnos,</strong></span> <span class='ocrx_word' id='word_1_20' title='bbox 800 981 983 1056; x_wconf 78' lang='lat' dir='ltr'><em>Clitumnus,</em></span> <span class='ocrx_word' id='word_1_21' title='bbox 1002 984 1177 1067; x_wconf 79' lang='lat' dir='ltr'><em>pilumnoe,</em></span> <span class='ocrx_word' id='word_1_22' title='bbox 1200 986 1373 1062; x_wconf 80' lang='lat' dir='ltr'><strong>Pilumnus,</strong></span> 
     </span>
     <span class='ocr_line' id='line_1_4' title="bbox 256 1077 1379 1163; baseline 0.008 -21"><span class='ocrx_word' id='word_1_23' title='bbox 256 1079 433 1153; x_wconf 61' lang='lat' dir='ltr'><strong>Vitumnus·</strong></span> <span class='ocrx_word' id='word_1_24' title='bbox 462 1100 626 1154; x_wconf 79' lang='lat' dir='ltr'><em>aerumna,</em></span> <span class='ocrx_word' id='word_1_25' title='bbox 657 1077 836 1154; x_wconf 65' lang='lat' dir='ltr'><strong>Volturnum</strong></span> <span class='ocrx_word' id='word_1_26' title='bbox 866 1081 1054 1163; x_wconf 78' lang='lat' dir='ltr'>quibuscum</span> <span class='ocrx_word' id='word_1_27' title='bbox 1076 1084 1221 1149; x_wconf 85' lang='lat' dir='ltr'><strong>conferas</strong></span> <span class='ocrx_word' id='word_1_28' title='bbox 1243 1086 1379 1151; x_wconf 85' lang='lat' dir='ltr'><strong>nomina</strong></span> 
     </span>
     <span class='ocr_line' id='line_1_5' title="bbox 248 1176 1371 1263; baseline 0.003 -21"><span class='ocrx_word' id='word_1_29' title='bbox 248 1196 383 1259; x_wconf 83' lang='lat' dir='ltr'><strong>graeca:</strong></span> <span class='ocrx_word' id='word_1_30' title='bbox 426 1176 599 1259; x_wconf 77' lang='grc' dir='ltr'><strong><em>βέλεμνον,</em></strong></span> <span class='ocrx_word' id='word_1_31' title='bbox 637 1178 809 1257; x_wconf 76' lang='grc' dir='ltr'><em>μέδιμνος,</em></span> <span class='ocrx_word' id='word_1_32' title='bbox 847 1183 1004 1258; x_wconf 82' lang='grc' dir='ltr'><strong><em>μέριμνα,</em></strong></span> <span class='ocrx_word' id='word_1_33' title='bbox 1041 1185 1202 1263; x_wconf 61' lang='lat' dir='ltr'><strong>sinopeos·</strong></span> <span class='ocrx_word' id='word_1_34' title='bbox 1237 1190 1291 1247; x_wconf 81' lang='lat' dir='ltr'><strong>ott.</strong></span> <span class='ocrx_word' id='word_1_35' title='bbox 1329 1186 1371 1255; x_wconf 83' lang='lat' dir='ltr'><strong>(v.</strong></span> 
     </span>
     <span class='ocr_line' id='line_1_6' title="bbox 248 1275 922 1359; baseline 0 -20"><span class='ocrx_word' id='word_1_36' title='bbox 248 1275 367 1341; x_wconf 81' lang='lat' dir='ltr'><strong>Leonis</strong></span> <span class='ocrx_word' id='word_1_37' title='bbox 389 1275 510 1359; x_wconf 89' lang='lat' dir='ltr'><strong>Meyeri</strong></span> <span class='ocrx_word' id='word_1_38' title='bbox 536 1295 582 1357; x_wconf 86' lang='lat' dir='ltr'><strong>gr.</strong></span> <span class='ocrx_word' id='word_1_39' title='bbox 605 1294 707 1357; x_wconf 92' lang='lat' dir='ltr'><strong>comp.</strong></span> <span class='ocrx_word' id='word_1_40' title='bbox 731 1276 772 1354; x_wconf 90' lang='lat' dir='ltr'><strong>Il,</strong></span> <span class='ocrx_word' id='word_1_41' title='bbox 796 1278 857 1339; x_wconf 87' lang='grc'><strong>293</strong></span> <span class='ocrx_word' id='word_1_42' title='bbox 873 1296 922 1358; x_wconf 90' lang='lat' dir='ltr'><strong>sq.</strong></span> 
     </span>
    </p>

    <p class='ocr_par' dir='ltr' id='par_1_3' title="bbox 247 1369 1372 1750">
     <span class='ocr_line' id='line_1_7' title="bbox 335 1369 1372 1459; baseline 0.005 -22"><span class='ocrx_word' id='word_1_43' title='bbox 335 1373 433 1455; x_wconf 81' lang='lat' dir='ltr'><strong>Cujus</strong></span> <span class='ocrx_word' id='word_1_44' title='bbox 461 1369 565 1437; x_wconf 85' lang='lat' dir='ltr'><strong>suffixi</strong></span> <span class='ocrx_word' id='word_1_45' title='bbox 594 1373 737 1437; x_wconf 79' lang='lat' dir='ltr'><strong>vocalem</strong></span> <span class='ocrx_word' id='word_1_46' title='bbox 766 1373 897 1456; x_wconf 84' lang='lat' dir='ltr'><strong>longam</strong></span> <span class='ocrx_word' id='word_1_47' title='bbox 919 1374 1079 1457; x_wconf 81' lang='lat' dir='ltr'><strong>alinguis</strong></span> <span class='ocrx_word' id='word_1_48' title='bbox 1101 1376 1258 1458; x_wconf 88' lang='lat' dir='ltr'><strong>classicis,</strong></span> <span class='ocrx_word' id='word_1_49' title='bbox 1289 1395 1372 1459; x_wconf 88' lang='lat' dir='ltr'><strong>quae</strong></span> 
     </span>
     <span class='ocr_line' id='line_1_8' title="bbox 247 1470 1371 1555; baseline 0.005 -21"><span class='ocrx_word' id='word_1_50' title='bbox 247 1478 412 1552; x_wconf 86' lang='lat' dir='ltr'><strong>vocantur,</strong></span> <span class='ocrx_word' id='word_1_51' title='bbox 441 1490 569 1552; x_wconf 91' lang='lat' dir='ltr'><strong>prorsus</strong></span> <span class='ocrx_word' id='word_1_52' title='bbox 596 1470 737 1534; x_wconf 87' lang='lat' dir='ltr'><strong>alienam</strong></span> <span class='ocrx_word' id='word_1_53' title='bbox 765 1470 864 1536; x_wconf 87' lang='lat' dir='ltr'><strong>luisse</strong></span> <span class='ocrx_word' id='word_1_54' title='bbox 891 1479 1043 1555; x_wconf 88' lang='lat' dir='ltr'><strong>nonest,</strong></span> <span class='ocrx_word' id='word_1_55' title='bbox 1071 1473 1157 1555; x_wconf 91' lang='lat' dir='ltr'><strong>quod</strong></span> <span class='ocrx_word' id='word_1_56' title='bbox 1185 1473 1371 1540; x_wconf 73' lang='lat' dir='ltr'><strong>statuamus,</strong></span> 
     </span>
     <span class='ocr_line' id='line_1_9' title="bbox 249 1566 1371 1655; baseline 0.005 -24"><span class='ocrx_word' id='word_1_57' title='bbox 249 1566 319 1646; x_wconf 81' lang='lat' dir='ltr'><strong>Quo</strong></span> <span class='ocrx_word' id='word_1_58' title='bbox 341 1567 511 1633; x_wconf 83' lang='lat' dir='ltr'><strong>referenda</strong></span> <span class='ocrx_word' id='word_1_59' title='bbox 533 1574 607 1633; x_wconf 86' lang='lat' dir='ltr'><strong>sunt</strong></span> <span class='ocrx_word' id='word_1_60' title='bbox 630 1567 777 1632; x_wconf 85' lang='lat' dir='ltr'><strong>nomina:</strong></span> <span class='ocrx_word' id='word_1_61' title='bbox 815 1569 871 1633; x_wconf 86' lang='lat' dir='ltr'><strong>lat.</strong></span> <span class='ocrx_word' id='word_1_62' title='bbox 898 1567 1044 1643; x_wconf 83' lang='lat' dir='ltr'><strong>Camena,</strong></span> <span class='ocrx_word' id='word_1_63' title='bbox 1068 1574 1292 1655; x_wconf 71' lang='lat' dir='ltr'><strong>[mummo]³⁶);</strong></span> <span class='ocrx_word' id='word_1_64' title='bbox 1315 1574 1371 1637; x_wconf 88' lang='lat' dir='ltr'><strong>lat.</strong></span> 
     </span>
     <span class='ocr_line' id='line_1_10' title="bbox 249 1654 1073 1750; baseline 0.008 -24"><span class='ocrx_word' id='word_1_65' title='bbox 249 1665 459 1747; x_wconf 78' lang='lat' dir='ltr'><strong>Alembno³⁸);</strong></span> <span class='ocrx_word' id='word_1_66' title='bbox 482 1686 529 1748; x_wconf 85' lang='lat' dir='ltr'><strong>gr.</strong></span> <span class='ocrx_word' id='word_1_67' title='bbox 552 1663 695 1745; x_wconf 78' lang='grc' dir='ltr'><strong><em>κάμῑνος,</em></strong></span> <span class='ocrx_word' id='word_1_68' title='bbox 718 1654 846 1750; x_wconf 67' lang='lat' dir='ltr'><strong>dupino,</strong></span> <span class='ocrx_word' id='word_1_69' title='bbox 869 1664 1073 1747; x_wconf 78' lang='grc' dir='ltr'><strong><em>κυκλάμῑνος.</em></strong></span> 
     </span>
    </p>

    <p class='ocr_par' dir='ltr' id='par_1_4' title="bbox 246 1761 1373 2316">
     <span class='ocr_line' id='line_1_11' title="bbox 332 1761 1373 1849; baseline 0.007 -23"><span class='ocrx_word' id='word_1_70' title='bbox 332 1763 391 1827; x_wconf 91' lang='lat' dir='ltr'><strong>His</strong></span> <span class='ocrx_word' id='word_1_71' title='bbox 412 1762 454 1827; x_wconf 89' lang='lat' dir='ltr'><strong>de</strong></span> <span class='ocrx_word' id='word_1_72' title='bbox 475 1761 581 1827; x_wconf 84' lang='lat' dir='ltr'><strong>suffixi</strong></span> <span class='ocrx_word' id='word_1_73' title='bbox 602 1761 704 1827; x_wconf 86' lang='lat' dir='ltr'><strong>forma</strong></span> <span class='ocrx_word' id='word_1_74' title='bbox 726 1765 911 1845; x_wconf 82' lang='lat' dir='ltr'><strong>praemissis</strong></span> <span class='ocrx_word' id='word_1_75' title='bbox 928 1764 972 1829; x_wconf 91' lang='lat' dir='ltr'><strong>ad</strong></span> <span class='ocrx_word' id='word_1_76' title='bbox 994 1766 1125 1831; x_wconf 89' lang='lat' dir='ltr'><strong>nomina</strong></span> <span class='ocrx_word' id='word_1_77' title='bbox 1146 1766 1373 1849; x_wconf 81' lang='lat' dir='ltr'><strong>aggrediamur</strong></span> 
     </span>
     <span class='ocr_line' id='line_1_12' title="bbox 246 1860 1372 1945; baseline 0.005 -22"><span class='ocrx_word' id='word_1_78' title='bbox 246 1861 301 1925; x_wconf 89' lang='lat' dir='ltr'><strong>illo</strong></span> <span class='ocrx_word' id='word_1_79' title='bbox 324 1861 469 1942; x_wconf 82' lang='lat' dir='ltr'><strong>formata,</strong></span> <span class='ocrx_word' id='word_1_80' title='bbox 492 1860 663 1942; x_wconf 90' lang='lat' dir='ltr'><strong>inquibus</strong></span> <span class='ocrx_word' id='word_1_81' title='bbox 686 1860 882 1927; x_wconf 80' lang='lat' dir='ltr'><strong>collocandis</strong></span> <span class='ocrx_word' id='word_1_82' title='bbox 904 1863 1039 1927; x_wconf 89' lang='lat' dir='ltr'><strong>similem</strong></span> <span class='ocrx_word' id='word_1_83' title='bbox 1062 1871 1158 1945; x_wconf 90' lang='lat' dir='ltr'><strong>atque</strong></span> <span class='ocrx_word' id='word_1_84' title='bbox 1179 1864 1213 1927; x_wconf 92' lang='lat' dir='ltr'><strong>in</strong></span> <span class='ocrx_word' id='word_1_85' title='bbox 1235 1865 1372 1929; x_wconf 90' lang='lat' dir='ltr'><strong>nomini-</strong></span> 
     </span>
     <span class='ocr_line' id='line_1_13' title="bbox 247 1957 1372 2043; baseline 0.006 -22"><span class='ocrx_word' id='word_1_86' title='bbox 247 1958 306 2023; x_wconf 89' lang='lat' dir='ltr'><strong>bus</strong></span> <span class='ocrx_word' id='word_1_87' title='bbox 335 1957 369 2020; x_wconf 92' lang='lat' dir='ltr'><strong>in</strong></span> <span class='ocrx_word' id='word_1_88' title='bbox 398 1968 465 2020; x_wconf 87' lang='lat' dir='ltr'><strong>ent·</strong></span> <span class='ocrx_word' id='word_1_89' title='bbox 494 1957 684 2024; x_wconf 84' lang='lat' dir='ltr'><strong>exeuntibus</strong></span> <span class='ocrx_word' id='word_1_90' title='bbox 712 1957 856 2023; x_wconf 88' lang='lat' dir='ltr'><strong>ordinem</strong></span> <span class='ocrx_word' id='word_1_91' title='bbox 886 1978 1016 2040; x_wconf 89' lang='lat' dir='ltr'><strong>sequar,</strong></span> <span class='ocrx_word' id='word_1_92' title='bbox 1050 1967 1085 2024; x_wconf 88' lang='lat' dir='ltr'><strong>ut</strong></span> <span class='ocrx_word' id='word_1_93' title='bbox 1111 1960 1214 2043; x_wconf 93' lang='lat' dir='ltr'><strong>primo</strong></span> <span class='ocrx_word' id='word_1_94' title='bbox 1240 1963 1372 2028; x_wconf 90' lang='lat' dir='ltr'><strong>nomina</strong></span> 
     </span>
     <span class='ocr_line' id='line_1_14' title="bbox 247 2053 1371 2142; baseline 0.004 -22"><span class='ocrx_word' id='word_1_95' title='bbox 247 2074 287 2120; x_wconf 83' lang='lat' dir='ltr'><strong>ex</strong></span> <span class='ocrx_word' id='word_1_96' title='bbox 308 2054 388 2137; x_wconf 89' lang='lat' dir='ltr'><strong>ipsis</strong></span> <span class='ocrx_word' id='word_1_97' title='bbox 409 2055 587 2136; x_wconf 83' lang='lat' dir='ltr'><strong>radicibus,</strong></span> <span class='ocrx_word' id='word_1_98' title='bbox 616 2053 735 2121; x_wconf 91' lang='lat' dir='ltr'><strong>deinde</strong></span> <span class='ocrx_word' id='word_1_99' title='bbox 756 2056 887 2121; x_wconf 89' lang='lat' dir='ltr'><strong>nomina</strong></span> <span class='ocrx_word' id='word_1_100' title='bbox 908 2076 949 2120; x_wconf 85' lang='lat' dir='ltr'><strong>ex</strong></span> <span class='ocrx_word' id='word_1_101' title='bbox 971 2056 1078 2122; x_wconf 89' lang='lat' dir='ltr'><strong>verbis</strong></span> <span class='ocrx_word' id='word_1_102' title='bbox 1099 2057 1285 2140; x_wconf 85' lang='lat' dir='ltr'><strong>primitivis,</strong></span> <span class='ocrx_word' id='word_1_103' title='bbox 1315 2080 1371 2142; x_wconf 92' lang='lat' dir='ltr'><strong>po-</strong></span> 
     </span>
     <span class='ocr_line' id='line_1_15' title="bbox 246 2153 1368 2237; baseline 0.002 -19"><span class='ocrx_word' id='word_1_104' title='bbox 246 2160 363 2218; x_wconf 87' lang='lat' dir='ltr'><strong>stremo</strong></span> <span class='ocrx_word' id='word_1_105' title='bbox 392 2173 433 2218; x_wconf 87' lang='lat' dir='ltr'><strong>ex</strong></span> <span class='ocrx_word' id='word_1_106' title='bbox 461 2153 567 2219; x_wconf 89' lang='lat' dir='ltr'><strong>verbis</strong></span> <span class='ocrx_word' id='word_1_107' title='bbox 596 2153 845 2218; x_wconf 86' lang='lat' dir='ltr'><strong>denominativis</strong></span> <span class='ocrx_word' id='word_1_108' title='bbox 872 2153 1066 2235; x_wconf 88' lang='lat' dir='ltr'><strong>pullulantia</strong></span> <span class='ocrx_word' id='word_1_109' title='bbox 1090 2154 1125 2218; x_wconf 91' lang='lat' dir='ltr'><strong>in</strong></span> <span class='ocrx_word' id='word_1_110' title='bbox 1149 2157 1368 2237; x_wconf 88' lang='lat' dir='ltr'><strong>quaestionem</strong></span> 
     </span>
     <span class='ocr_line' id='line_1_16' title="bbox 246 2270 366 2316; baseline 0.008 -4"><span class='ocrx_word' id='word_1_111' title='bbox 246 2270 366 2316; x_wconf 91' lang='lat' dir='ltr'><strong>vocem.</strong></span> 
     </span>
    </p>
   </div>
   <div class='ocr_carea' id='block_1_3' title="bbox 376 2419 1239 2504">
    <p class='ocr_par' dir='ltr' id='par_1_5' title="bbox 376 2419 1239 2504">
     <span class='ocr_line' id='line_1_17' title="bbox 376 2419 1239 2504; baseline 0.001 -21"><span class='ocrx_word' id='word_1_112' title='bbox 376 2425 402 2483; x_wconf 90' lang='lat'><strong>1.</strong></span> <span class='ocrx_word' id='word_1_113' title='bbox 448 2421 504 2484; x_wconf 88' lang='lat' dir='ltr'><strong>De</strong></span> <span class='ocrx_word' id='word_1_114' title='bbox 527 2421 758 2486; x_wconf 89' lang='lat' dir='ltr'><strong>nominibus</strong></span> <span class='ocrx_word' id='word_1_115' title='bbox 780 2440 827 2485; x_wconf 84' lang='lat' dir='ltr'><strong>ex</strong></span> <span class='ocrx_word' id='word_1_116' title='bbox 848 2420 939 2504; x_wconf 90' lang='lat' dir='ltr'><strong>ipsa</strong></span> <span class='ocrx_word' id='word_1_117' title='bbox 960 2419 1099 2487; x_wconf 88' lang='lat' dir='ltr'><strong>radice</strong></span> <span class='ocrx_word' id='word_1_118' title='bbox 1121 2423 1239 2488; x_wconf 87' lang='lat' dir='ltr'><strong>natis.</strong></span> 
     </span>
    </p>
   </div>
   <div class='ocr_carea' id='block_1_4' title="bbox 240 2554 1468 3904">
    <p class='ocr_par' dir='ltr' id='par_1_6' title="bbox 329 2554 1064 2638">
     <span class='ocr_line' id='line_1_18' title="bbox 329 2554 1064 2638; baseline 0.005 -21"><span class='ocrx_word' id='word_1_119' title='bbox 329 2554 368 2618; x_wconf 92' lang='lat' dir='ltr'><strong>In</strong></span> <span class='ocrx_word' id='word_1_120' title='bbox 391 2573 523 2636; x_wconf 89' lang='lat' dir='ltr'><strong>quornm</strong></span> <span class='ocrx_word' id='word_1_121' title='bbox 544 2574 677 2620; x_wconf 89' lang='lat' dir='ltr'><strong>numero</strong></span> <span class='ocrx_word' id='word_1_122' title='bbox 699 2555 852 2638; x_wconf 88' lang='lat' dir='ltr'><strong>ponenda</strong></span> <span class='ocrx_word' id='word_1_123' title='bbox 873 2563 948 2621; x_wconf 88' lang='lat' dir='ltr'><strong>sunt</strong></span> <span class='ocrx_word' id='word_1_124' title='bbox 969 2555 1064 2621; x_wconf 88' lang='lat' dir='ltr'><strong>baec:</strong></span> 
     </span>
    </p>

    <p class='ocr_par' dir='ltr' id='par_1_7' title="bbox 240 2648 1468 3904">
     <span class='ocr_line' id='line_1_19' title="bbox 327 2648 1468 2740; baseline 0.007 -25"><span class='ocrx_word' id='word_1_125' title='bbox 327 2654 495 2715; x_wconf 84' lang='lat' dir='ltr'><strong>termines:</strong></span> <span class='ocrx_word' id='word_1_126' title='bbox 516 2652 577 2717; x_wconf 94' lang='lat' dir='ltr'><strong>hoc</strong></span> <span class='ocrx_word' id='word_1_127' title='bbox 598 2653 788 2718; x_wconf 92' lang='lat' dir='ltr'><strong>vocabulum</strong></span> <span class='ocrx_word' id='word_1_128' title='bbox 811 2653 956 2735; x_wconf 88' lang='lat' dir='ltr'><strong>ejusdem</strong></span> <span class='ocrx_word' id='word_1_129' title='bbox 980 2673 1051 2719; x_wconf 90' lang='lat' dir='ltr'><strong>esse</strong></span> <span class='ocrx_word' id='word_1_130' title='bbox 1072 2655 1181 2739; x_wconf 87' lang='lat' dir='ltr'><strong>stirpis</strong></span> <span class='ocrx_word' id='word_1_131' title='bbox 1203 2664 1300 2738; x_wconf 84' lang='lat' dir='ltr'><strong>atque</strong></span> <span class='ocrx_word' id='word_1_132' title='bbox 1320 2678 1367 2740; x_wconf 85' lang='lat' dir='ltr'><strong>gr.</strong></span> <span class='ocrx_word' id='word_1_133' title='bbox 1464 2648 1468 2655; x_wconf 41' lang='lat'>⁵</span> 
     </span>
     <span class='ocr_line' id='line_1_20' title="bbox 243 2753 1370 2835; baseline 0.007 -23"><span class='ocrx_word' id='word_1_134' title='bbox 243 2755 372 2831; x_wconf 72' lang='lat' dir='ltr'><strong>rip-po,</strong></span> <span class='ocrx_word' id='word_1_135' title='bbox 395 2754 539 2833; x_wconf 79' lang='grc' dir='ltr'><em>τέρ-μων</em></span> <span class='ocrx_word' id='word_1_136' title='bbox 563 2753 613 2826; x_wconf 89' lang='lat' dir='ltr'><strong>(st.</strong></span> <span class='ocrx_word' id='word_1_137' title='bbox 629 2756 794 2835; x_wconf 76' lang='lat' dir='ltr'><strong>usp-poo);</strong></span> <span class='ocrx_word' id='word_1_138' title='bbox 817 2770 876 2816; x_wconf 87' lang='lat' dir='ltr'><strong>scr.</strong></span> <span class='ocrx_word' id='word_1_139' title='bbox 895 2772 920 2816; x_wconf 86' lang='lat' dir='ltr'><strong>r.</strong></span> <span class='ocrx_word' id='word_1_140' title='bbox 935 2761 989 2813; x_wconf 82' lang='lat' dir='ltr'><strong>tor</strong></span> <span class='ocrx_word' id='word_1_141' title='bbox 1010 2755 1125 2835; x_wconf 84' lang='lat' dir='ltr'><strong>(praes.</strong></span> <span class='ocrx_word' id='word_1_142' title='bbox 1147 2756 1265 2816; x_wconf 79' lang='lat' dir='ltr'><strong>terimi</strong></span> <span class='ocrx_word' id='word_1_143' title='bbox 1283 2761 1370 2819; x_wconf 88' lang='lat' dir='ltr'><strong>tran·</strong></span> 
     </span>
     <span class='ocr_line' id='line_1_21' title="bbox 243 2848 1368 2932; baseline 0.004 -19"><span class='ocrx_word' id='word_1_144' title='bbox 243 2852 323 2929; x_wconf 80' lang='lat' dir='ltr'><strong>seoi,</strong></span> <span class='ocrx_word' id='word_1_145' title='bbox 348 2857 523 2910; x_wconf 65' lang='lat' dir='ltr'><strong>tor-onies</strong></span> <span class='ocrx_word' id='word_1_146' title='bbox 545 2852 656 2925; x_wconf 82' lang='lat' dir='ltr'><strong>(marc)</strong></span> <span class='ocrx_word' id='word_1_147' title='bbox 679 2848 722 2912; x_wconf 90' lang='lat' dir='ltr'><strong>al.</strong></span> <span class='ocrx_word' id='word_1_148' title='bbox 745 2868 856 2913; x_wconf 91' lang='lat' dir='ltr'><strong>omnes</strong></span> <span class='ocrx_word' id='word_1_149' title='bbox 879 2851 1051 2932; x_wconf 80' lang='lat' dir='ltr'><strong>etymologi</strong></span> <span class='ocrx_word' id='word_1_150' title='bbox 1073 2850 1157 2917; x_wconf 87' lang='lat' dir='ltr'><strong>inter</strong></span> <span class='ocrx_word' id='word_1_151' title='bbox 1179 2871 1215 2916; x_wconf 89' lang='lat' dir='ltr'><strong>se</strong></span> <span class='ocrx_word' id='word_1_152' title='bbox 1236 2872 1368 2918; x_wconf 90' lang='lat' dir='ltr'><strong>consen·</strong></span> 
     </span>
     <span class='ocr_line' id='line_1_22' title="bbox 242 2945 1366 3032; baseline 0.003 -23"><span class='ocrx_word' id='word_1_153' title='bbox 242 2946 340 3027; x_wconf 83' lang='lat' dir='ltr'><strong>tiunt3</strong></span> <span class='ocrx_word' id='word_1_154' title='bbox 365 2945 558 3010; x_wconf 88' lang='lat' dir='ltr'><strong>dissentiunt</strong></span> <span class='ocrx_word' id='word_1_155' title='bbox 580 2945 620 3010; x_wconf 89' lang='lat' dir='ltr'><strong>de</strong></span> <span class='ocrx_word' id='word_1_156' title='bbox 636 2964 683 3027; x_wconf 89' lang='lat' dir='ltr'><strong>eo,</strong></span> <span class='ocrx_word' id='word_1_157' title='bbox 707 2945 782 3027; x_wconf 91' lang='lat' dir='ltr'><strong>quid</strong></span> <span class='ocrx_word' id='word_1_158' title='bbox 806 2946 934 3029; x_wconf 89' lang='lat' dir='ltr'><strong>proprie</strong></span> <span class='ocrx_word' id='word_1_159' title='bbox 948 2945 1118 3028; x_wconf 84' lang='lat' dir='ltr'><strong>significet:</strong></span> <span class='ocrx_word' id='word_1_160' title='bbox 1143 2948 1285 3031; x_wconf 90' lang='lat' dir='ltr'><strong>Boppius</strong></span> <span class='ocrx_word' id='word_1_161' title='bbox 1308 2953 1366 3032; x_wconf 85' lang='lat' dir='ltr'><strong>(gr.</strong></span> 
     </span>
     <span class='ocr_line' id='line_1_23' title="bbox 242 3043 1366 3130; baseline 0.003 -22"><span class='ocrx_word' id='word_1_162' title='bbox 242 3063 344 3127; x_wconf 90' lang='lat' dir='ltr'><strong>comp.</strong></span> <span class='ocrx_word' id='word_1_163' title='bbox 360 3043 420 3124; x_wconf 83' lang='lat'><strong>11²,</strong></span> <span class='ocrx_word' id='word_1_164' title='bbox 437 3046 510 3120; x_wconf 86' lang='grc'>327)</span> <span class='ocrx_word' id='word_1_165' title='bbox 526 3043 684 3125; x_wconf 89' lang='lat' dir='ltr'><strong>opinatur,</strong></span> <span class='ocrx_word' id='word_1_166' title='bbox 700 3044 865 3105; x_wconf 81' lang='lat' dir='ltr'><strong>terminum</strong></span> <span class='ocrx_word' id='word_1_167' title='bbox 880 3062 952 3107; x_wconf 89' lang='lat' dir='ltr'><strong>esse</strong></span> <span class='ocrx_word' id='word_1_168' title='bbox 966 3043 1072 3124; x_wconf 91' lang='lat' dir='ltr'><strong>,quod</strong></span> <span class='ocrx_word' id='word_1_169' title='bbox 1091 3046 1335 3111; x_wconf 88' lang='lat' dir='ltr'><strong>transcendatur</strong></span> <span class='ocrx_word' id='word_1_170' title='bbox 1343 3052 1366 3130; x_wconf 88' lang='lat'><strong>“,</strong></span> 
     </span>
     <span class='ocr_line' id='line_1_24' title="bbox 241 3139 1366 3223; baseline 0.002 -18"><span class='ocrx_word' id='word_1_171' title='bbox 241 3142 317 3207; x_wconf 87' lang='lat' dir='ltr'><strong>item</strong></span> <span class='ocrx_word' id='word_1_172' title='bbox 340 3140 463 3205; x_wconf 89' lang='lat' dir='ltr'><strong>Pottius</strong></span> <span class='ocrx_word' id='word_1_173' title='bbox 484 3140 534 3205; x_wconf 90' lang='lat' dir='ltr'><strong>W.</strong></span> <span class='ocrx_word' id='word_1_174' title='bbox 557 3140 598 3221; x_wconf 91' lang='grc' dir='ltr'><strong>ΙΙ,</strong></span> <span class='ocrx_word' id='word_1_175' title='bbox 626 3145 652 3223; x_wconf 86' lang='grc'><strong>1,</strong></span> <span class='ocrx_word' id='word_1_176' title='bbox 676 3144 754 3223; x_wconf 82' lang='grc'><strong>261;</strong></span> <span class='ocrx_word' id='word_1_177' title='bbox 779 3139 905 3204; x_wconf 83' lang='lat' dir='ltr'><strong>Curtius</strong></span> <span class='ocrx_word' id='word_1_178' title='bbox 927 3140 1089 3221; x_wconf 79' lang='lat' dir='ltr'><strong>(g1·undz.⁴</strong></span> <span class='ocrx_word' id='word_1_179' title='bbox 1111 3144 1201 3218; x_wconf 81' lang='grc'>221);</span> <span class='ocrx_word' id='word_1_180' title='bbox 1225 3144 1310 3223; x_wconf 92' lang='lat' dir='ltr'><strong>quod</strong></span> <span class='ocrx_word' id='word_1_181' title='bbox 1332 3144 1366 3207; x_wconf 92' lang='lat' dir='ltr'><strong>in</strong></span> 
     </span>
     <span class='ocr_line' id='line_1_25' title="bbox 242 3236 1366 3321; baseline 0.004 -20"><span class='ocrx_word' id='word_1_182' title='bbox 242 3238 414 3303; x_wconf 85' lang='lat' dir='ltr'><strong>vernacula</strong></span> <span class='ocrx_word' id='word_1_183' title='bbox 428 3238 538 3319; x_wconf 87' lang='lat' dir='ltr'><strong>lingua</strong></span> <span class='ocrx_word' id='word_1_184' title='bbox 553 3243 601 3303; x_wconf 84' lang='lat' dir='ltr'><strong>est</strong></span> <span class='ocrx_word' id='word_1_185' title='bbox 616 3236 820 3319; x_wconf 82' lang='lat' dir='ltr'><strong>,libertritt“;</strong></span> <span class='ocrx_word' id='word_1_186' title='bbox 837 3236 1013 3301; x_wconf 81' lang='lat' dir='ltr'><strong>Corssenus</strong></span> <span class='ocrx_word' id='word_1_187' title='bbox 1028 3237 1130 3306; x_wconf 76' lang='lat' dir='ltr'><strong>(beitr.</strong></span> <span class='ocrx_word' id='word_1_188' title='bbox 1150 3241 1236 3316; x_wconf 67' lang='lat'><strong>190:</strong></span> <span class='ocrx_word' id='word_1_189' title='bbox 1260 3240 1366 3321; x_wconf 88' lang='lat' dir='ltr'><strong>,quod</strong></span> 
     </span>
     <span class='ocr_line' id='line_1_26' title="bbox 242 3332 1366 3415; baseline 0.001 -16"><span class='ocrx_word' id='word_1_190' title='bbox 242 3335 368 3415; x_wconf 88' lang='lat' dir='ltr'><strong>dividit,</strong></span> <span class='ocrx_word' id='word_1_191' title='bbox 391 3334 528 3399; x_wconf 84' lang='lat' dir='ltr'><strong>scindit“</strong></span> <span class='ocrx_word' id='word_1_192' title='bbox 544 3339 694 3415; x_wconf 83' lang='lat' dir='ltr'><strong>(„grenze</strong></span> <span class='ocrx_word' id='word_1_193' title='bbox 709 3335 759 3399; x_wconf 89' lang='lat' dir='ltr'><strong>als</strong></span> <span class='ocrx_word' id='word_1_194' title='bbox 781 3332 1188 3410; x_wconf 79' lang='lat' dir='ltr'><strong>,durchschneidende““).</strong></span> <span class='ocrx_word' id='word_1_195' title='bbox 1226 3335 1366 3415; x_wconf 75' lang='lat' dir='ltr'><strong>Quorum</strong></span> 
     </span>
     <span class='ocr_line' id='line_1_27' title="bbox 241 3430 1366 3515; baseline 0.002 -18"><span class='ocrx_word' id='word_1_196' title='bbox 241 3433 327 3515; x_wconf 92' lang='lat' dir='ltr'><strong>quod</strong></span> <span class='ocrx_word' id='word_1_197' title='bbox 343 3432 517 3497; x_wconf 86' lang='lat' dir='ltr'><strong>Corssenus</strong></span> <span class='ocrx_word' id='word_1_198' title='bbox 535 3430 670 3512; x_wconf 88' lang='lat' dir='ltr'><strong>judicat,</strong></span> <span class='ocrx_word' id='word_1_199' title='bbox 693 3432 825 3496; x_wconf 90' lang='lat' dir='ltr'><strong>minime</strong></span> <span class='ocrx_word' id='word_1_200' title='bbox 846 3431 957 3514; x_wconf 82' lang='lat' dir='ltr'><strong>probe,</strong></span> <span class='ocrx_word' id='word_1_201' title='bbox 980 3452 1075 3513; x_wconf 91' lang='lat' dir='ltr'><strong>quum</strong></span> <span class='ocrx_word' id='word_1_202' title='bbox 1098 3453 1122 3495; x_wconf 92' lang='lat' dir='ltr'><strong>r.</strong></span> <span class='ocrx_word' id='word_1_203' title='bbox 1139 3442 1192 3495; x_wconf 79' lang='lat' dir='ltr'><strong>tor</strong></span> <span class='ocrx_word' id='word_1_204' title='bbox 1213 3454 1277 3498; x_wconf 92' lang='lat' dir='ltr'><strong>non</strong></span> <span class='ocrx_word' id='word_1_205' title='bbox 1300 3434 1366 3498; x_wconf 91' lang='lat' dir='ltr'><strong>vim</strong></span> 
     </span>
     <span class='ocr_line' id='line_1_28' title="bbox 242 3527 1366 3613; baseline 0.002 -20"><span class='ocrx_word' id='word_1_206' title='bbox 242 3528 410 3595; x_wconf 89' lang='lat' dir='ltr'><strong>dividendi</strong></span> <span class='ocrx_word' id='word_1_207' title='bbox 432 3530 484 3594; x_wconf 94' lang='lat' dir='ltr'><strong>vel</strong></span> <span class='ocrx_word' id='word_1_208' title='bbox 507 3527 692 3610; x_wconf 87' lang='lat' dir='ltr'><strong>scindendi,</strong></span> <span class='ocrx_word' id='word_1_209' title='bbox 721 3528 779 3594; x_wconf 91' lang='lat' dir='ltr'><strong>sed</strong></span> <span class='ocrx_word' id='word_1_210' title='bbox 807 3528 975 3593; x_wconf 88' lang='lat' dir='ltr'><strong>traiciendi</strong></span> <span class='ocrx_word' id='word_1_211' title='bbox 998 3529 1133 3613; x_wconf 80' lang='lat' dir='ltr'><strong>habeat3</strong></span> <span class='ocrx_word' id='word_1_212' title='bbox 1161 3550 1267 3613; x_wconf 89' lang='lat' dir='ltr'><strong>neque</strong></span> <span class='ocrx_word' id='word_1_213' title='bbox 1288 3551 1366 3597; x_wconf 89' lang='lat' dir='ltr'><strong>vero</strong></span> 
     </span>
     <span class='ocr_line' id='line_1_29' title="bbox 241 3626 1366 3707; baseline 0.002 -16"><span class='ocrx_word' id='word_1_214' title='bbox 241 3646 312 3691; x_wconf 91' lang='lat' dir='ltr'><strong>cum</strong></span> <span class='ocrx_word' id='word_1_215' title='bbox 329 3626 437 3691; x_wconf 83' lang='lat' dir='ltr'><strong>Curtio</strong></span> <span class='ocrx_word' id='word_1_216' title='bbox 460 3626 573 3707; x_wconf 88' lang='lat' dir='ltr'><strong>sentio,</strong></span> <span class='ocrx_word' id='word_1_217' title='bbox 597 3626 672 3707; x_wconf 89' lang='lat' dir='ltr'><strong>quia</strong></span> <span class='ocrx_word' id='word_1_218' title='bbox 692 3626 843 3688; x_wconf 83' lang='lat' dir='ltr'><strong>termines</strong></span> <span class='ocrx_word' id='word_1_219' title='bbox 865 3647 930 3691; x_wconf 93' lang='lat' dir='ltr'><strong>non</strong></span> <span class='ocrx_word' id='word_1_220' title='bbox 951 3626 1078 3692; x_wconf 89' lang='lat' dir='ltr'><strong>videtur</strong></span> <span class='ocrx_word' id='word_1_221' title='bbox 1092 3629 1133 3692; x_wconf 89' lang='lat' dir='ltr'><strong>ab</strong></span> <span class='ocrx_word' id='word_1_222' title='bbox 1156 3628 1247 3693; x_wconf 90' lang='lat' dir='ltr'><strong>initio</strong></span> <span class='ocrx_word' id='word_1_223' title='bbox 1270 3630 1366 3693; x_wconf 88' lang='lat' dir='ltr'><strong>actio·</strong></span> 
     </span>
     <span class='ocr_line' id='line_1_30' title="bbox 240 3723 1365 3809; baseline 0.003 -22"><span class='ocrx_word' id='word_1_224' title='bbox 240 3744 316 3789; x_wconf 91' lang='lat' dir='ltr'><strong>nem</strong></span> <span class='ocrx_word' id='word_1_225' title='bbox 337 3723 504 3789; x_wconf 87' lang='lat' dir='ltr'><strong>traiciendi</strong></span> <span class='ocrx_word' id='word_1_226' title='bbox 528 3723 742 3802; x_wconf 82' lang='lat' dir='ltr'><strong>(,bbertritt“)</strong></span> <span class='ocrx_word' id='word_1_227' title='bbox 770 3723 983 3805; x_wconf 86' lang='lat' dir='ltr'><strong>significasse,</strong></span> <span class='ocrx_word' id='word_1_228' title='bbox 1012 3724 1201 3790; x_wconf 85' lang='lat' dir='ltr'><strong>seductam</strong></span> <span class='ocrx_word' id='word_1_229' title='bbox 1223 3727 1365 3809; x_wconf 88' lang='lat' dir='ltr'><strong>aliquam</strong></span> 
     </span>
     <span class='ocr_line' id='line_1_31' title="bbox 240 3820 1364 3904; baseline 0.001 -19"><span class='ocrx_word' id='word_1_230' title='bbox 240 3820 329 3903; x_wconf 89' lang='lat' dir='ltr'><strong>finis,</strong></span> <span class='ocrx_word' id='word_1_231' title='bbox 360 3821 465 3903; x_wconf 90' lang='lat' dir='ltr'><strong>qualis</strong></span> <span class='ocrx_word' id='word_1_232' title='bbox 493 3828 541 3886; x_wconf 86' lang='lat' dir='ltr'><strong>cst</strong></span> <span class='ocrx_word' id='word_1_233' title='bbox 568 3822 681 3904; x_wconf 87' lang='lat' dir='ltr'><strong>cippus</strong></span> <span class='ocrx_word' id='word_1_234' title='bbox 709 3820 762 3885; x_wconf 91' lang='lat' dir='ltr'><strong>vel</strong></span> <span class='ocrx_word' id='word_1_235' title='bbox 790 3822 857 3885; x_wconf 88' lang='lat' dir='ltr'><strong>tale</strong></span> <span class='ocrx_word' id='word_1_236' title='bbox 885 3822 972 3903; x_wconf 90' lang='lat' dir='ltr'><strong>quid.</strong></span> <span class='ocrx_word' id='word_1_237' title='bbox 1016 3822 1128 3904; x_wconf 89' lang='lat' dir='ltr'><strong>Itaque</strong></span> <span class='ocrx_word' id='word_1_238' title='bbox 1155 3842 1272 3888; x_wconf 91' lang='lat' dir='ltr'><strong>nomen</strong></span> <span class='ocrx_word' id='word_1_239' title='bbox 1301 3834 1364 3887; x_wconf 80' lang='lat' dir='ltr'><strong>ter-</strong></span> 
     </span>
    </p>
   </div>
   <div class='ocr_carea' id='block_1_5' title="bbox 238 3982 1366 4376">
    <p class='ocr_par' dir='ltr' id='par_1_8' title="bbox 239 3982 1366 4216">
     <span class='ocr_line' id='line_1_32' title="bbox 310 3982 1366 4056; baseline 0.004 -16"><span class='ocrx_word' id='word_1_240' title='bbox 310 3987 343 4051; x_wconf 67' lang='lat' dir='ltr'><strong>ss)</strong></span> <span class='ocrx_word' id='word_1_241' title='bbox 361 3986 464 4053; x_wconf 76' lang='lat' dir='ltr'><strong>Quibus</strong></span> <span class='ocrx_word' id='word_1_242' title='bbox 481 4004 546 4041; x_wconf 91' lang='lat' dir='ltr'><strong>num</strong></span> <span class='ocrx_word' id='word_1_243' title='bbox 564 3987 618 4056; x_wconf 86' lang='lat' dir='ltr'><strong>adj.</strong></span> <span class='ocrx_word' id='word_1_244' title='bbox 637 4003 676 4055; x_wconf 86' lang='lat' dir='ltr'><strong>gr.</strong></span> <span class='ocrx_word' id='word_1_245' title='bbox 695 3982 815 4055; x_wconf 75' lang='grc' dir='ltr'><strong>ἀκμηνός</strong></span> <span class='ocrx_word' id='word_1_246' title='bbox 831 3986 849 4039; x_wconf 89' lang='lat' dir='ltr'><strong>i.</strong></span> <span class='ocrx_word' id='word_1_247' title='bbox 869 4002 891 4041; x_wconf 89' lang='lat' dir='ltr'><strong>c.</strong></span> <span class='ocrx_word' id='word_1_248' title='bbox 910 3988 1019 4043; x_wconf 89' lang='lat' dir='ltr'><strong>adultus</strong></span> <span class='ocrx_word' id='word_1_249' title='bbox 1038 3982 1083 4040; x_wconf 82' lang='grc' dir='ltr'><strong>ἆπ.</strong></span> <span class='ocrx_word' id='word_1_250' title='bbox 1102 3986 1152 4056; x_wconf 79' lang='lat' dir='ltr'><strong>sip.</strong></span> <span class='ocrx_word' id='word_1_251' title='bbox 1171 3989 1366 4055; x_wconf 72' lang='lat' dir='ltr'><strong>Od.o191)a</strong></span> 
     </span>
     <span class='ocr_line' id='line_1_33' title="bbox 239 4066 1365 4139; baseline 0.003 -18"><span class='ocrx_word' id='word_1_252' title='bbox 239 4069 331 4121; x_wconf 88' lang='lat' dir='ltr'><strong>Leone</strong></span> <span class='ocrx_word' id='word_1_253' title='bbox 348 4066 442 4136; x_wconf 84' lang='lat' dir='ltr'><strong>Meyer</strong></span> <span class='ocrx_word' id='word_1_254' title='bbox 460 4068 487 4128; x_wconf 78' lang='lat' dir='ltr'><strong>tl.</strong></span> <span class='ocrx_word' id='word_1_255' title='bbox 504 4068 521 4121; x_wconf 91' lang='lat' dir='ltr'><strong>l.</strong></span> <span class='ocrx_word' id='word_1_256' title='bbox 539 4068 574 4135; x_wconf 90' lang='lat' dir='ltr'><strong>II,</strong></span> <span class='ocrx_word' id='word_1_257' title='bbox 590 4072 650 4133; x_wconf 86' lang='grc'>293)</span> <span class='ocrx_word' id='word_1_258' title='bbox 674 4070 747 4121; x_wconf 88' lang='lat' dir='ltr'><strong>recte</strong></span> <span class='ocrx_word' id='word_1_259' title='bbox 765 4072 948 4137; x_wconf 85' lang='lat' dir='ltr'><strong>comparetur,</strong></span> <span class='ocrx_word' id='word_1_260' title='bbox 971 4070 1049 4125; x_wconf 89' lang='lat' dir='ltr'><strong>valde</strong></span> <span class='ocrx_word' id='word_1_261' title='bbox 1066 4068 1178 4123; x_wconf 91' lang='lat' dir='ltr'><strong>dubium</strong></span> <span class='ocrx_word' id='word_1_262' title='bbox 1195 4074 1250 4137; x_wconf 70' lang='lat' dir='ltr'><strong>est,</strong></span> <span class='ocrx_word' id='word_1_263' title='bbox 1273 4069 1365 4139; x_wconf 87' lang='lat' dir='ltr'><strong>potius</strong></span> 
     </span>
     <span class='ocr_line' id='line_1_34' title="bbox 239 4143 747 4216; baseline -0.002 -15"><span class='ocrx_word' id='word_1_264' title='bbox 239 4147 275 4201; x_wconf 86' lang='lat' dir='ltr'><strong>ad</strong></span> <span class='ocrx_word' id='word_1_265' title='bbox 292 4148 379 4201; x_wconf 84' lang='lat' dir='ltr'><strong>subst.</strong></span> <span class='ocrx_word' id='word_1_266' title='bbox 399 4143 471 4214; x_wconf 76' lang='grc' dir='ltr'><strong>ἀκμή</strong></span> <span class='ocrx_word' id='word_1_267' title='bbox 490 4152 614 4216; x_wconf 89' lang='lat' dir='ltr'><strong>spectare</strong></span> <span class='ocrx_word' id='word_1_268' title='bbox 632 4148 747 4202; x_wconf 89' lang='lat' dir='ltr'><strong>videtur.</strong></span> 
     </span>
    </p>

    <p class='ocr_par' dir='ltr' id='par_1_9' title="bbox 238 4226 1365 4376">
     <span class='ocr_line' id='line_1_35' title="bbox 309 4226 1365 4292; baseline 0.001 -11"><span class='ocrx_word' id='word_1_269' title='bbox 309 4228 342 4292; x_wconf 81' lang='lat'><strong>³⁰)</strong></span> <span class='ocrx_word' id='word_1_270' title='bbox 369 4226 544 4282; x_wconf 83' lang='lat' dir='ltr'><strong>Substantiva</strong></span> <span class='ocrx_word' id='word_1_271' title='bbox 566 4229 595 4281; x_wconf 89' lang='lat' dir='ltr'><strong>in</strong></span> <span class='ocrx_word' id='word_1_272' title='bbox 622 4231 751 4282; x_wconf 83' lang='lat' dir='ltr'><strong>-mouiom</strong></span> <span class='ocrx_word' id='word_1_273' title='bbox 776 4235 804 4283; x_wconf 86' lang='lat' dir='ltr'><strong>et</strong></span> <span class='ocrx_word' id='word_1_274' title='bbox 825 4231 929 4284; x_wconf 76' lang='lat' dir='ltr'><strong>monio</strong></span> <span class='ocrx_word' id='word_1_275' title='bbox 951 4246 1016 4285; x_wconf 91' lang='lat' dir='ltr'><strong>num</strong></span> <span class='ocrx_word' id='word_1_276' title='bbox 1037 4229 1091 4284; x_wconf 91' lang='lat' dir='ltr'><strong>huc</strong></span> <span class='ocrx_word' id='word_1_277' title='bbox 1116 4228 1269 4283; x_wconf 84' lang='lat' dir='ltr'><strong>referantur</strong></span> <span class='ocrx_word' id='word_1_278' title='bbox 1291 4228 1365 4282; x_wconf 88' lang='lat' dir='ltr'><strong>infra</strong></span> 
     </span>
     <span class='ocr_line' id='line_1_36' title="bbox 238 4306 826 4376; baseline 0.003 -15"><span class='ocrx_word' id='word_1_279' title='bbox 238 4307 290 4362; x_wconf 88' lang='lat' dir='ltr'><strong>sub</strong></span> <span class='ocrx_word' id='word_1_280' title='bbox 310 4306 559 4376; x_wconf 83' lang='lat' dir='ltr'><strong>disputatiunculae</strong></span> <span class='ocrx_word' id='word_1_281' title='bbox 575 4310 656 4362; x_wconf 89' lang='lat' dir='ltr'><strong>finem</strong></span> <span class='ocrx_word' id='word_1_282' title='bbox 673 4315 826 4376; x_wconf 88' lang='lat' dir='ltr'><strong>quaeretur.</strong></span> 
     </span>
    </p>
   </div>
   <div class='ocr_carea' id='block_1_6' title="bbox 0 0 1792 5334">
    <p class='ocr_par' dir='ltr' id='par_1_10' title="bbox 0 0 1792 5334">
     <span class='ocr_line' id='line_1_37' title="bbox 0 0 1792 5334; baseline 0 3"><span class='ocrx_word' id='word_1_283' title='bbox 0 0 1792 5334; x_wconf 95' lang='lat' dir='ltr'><strong> </strong></span> 
     </span>
    </p>
   </div>
  </div>
 </body>
</html>
