3575 5334
385 672 446 733 180
882 663 1023 718 Merzdort

384 837 620 928 καρπευοήται
645 841 715 903 159.
747 841 817 901 161.
850 841 921 917 166,
951 832 1220 921 οἷκοδομηοήται
1244 836 1315 900 138.
1365 830 1514 898 Ahrcusii

385 948 494 1008 autom
524 936 650 1021 opinio,
684 955 748 1018 qua
779 955 800 999 a
833 933 1043 1000 Doriensihus
1077 956 1127 998 εει
1159 951 1287 1016 semper
1323 931 1358 995 iu
1392 955 1443 1008 ει,
1477 953 1512 1014 sq

385 1056 513 1122 semper
539 1036 573 1100 iu
600 1060 619 1120 η
649 1039 846 1098 contractum
874 1051 947 1097 esse
978 1030 1157 1113 contendit,
1191 1029 1347 1096 refutatur
1378 1028 1516 1093 dialecto

385 1136 518 1217 lectica,
553 1132 703 1216 quoniam
738 1126 901 1214 ἀνχιορέει
933 1129 1113 1214 λιποτελέῃ
1151 1126 1252 1213 δοκέῃ
1285 1128 1319 1191 in
1354 1126 1402 1190 tit.
1439 1126 1515 1209 hyp.

386 1254 416 1299 v.
441 1236 492 1297 27.
518 1235 566 1294 14.
590 1232 630 1295 39
653 1230 788 1310 legatur.
822 1250 858 1291 εο
882 1251 927 1291 eo
951 1250 1004 1291 εοι
1025 1246 1096 1291 oum
1118 1225 1207 1309 apud
1228 1226 1311 1291 alios
1333 1224 1398 1288 alio
1422 1222 1517 1287 modo

386 1336 510 1395 mutata
538 1328 603 1394 sint
631 1325 722 1402 (Ahr.
743 1324 777 1387 II
800 1327 981 1402 aot-219)
1010 1324 1152 1390 maxime
1178 1324 1212 1388 in
1240 1321 1362 1387 Doride
1389 1326 1519 1404 septen·

387 1426 517 1493 trionali
550 1424 656 1490 soluta
688 1429 823 1488 manent
856 1422 908 1498 (cf.
939 1422 1016 1486 Ahr.
1046 1422 1078 1486 ΙΙ
1106 1422 1180 1500 219,
1214 1421 1311 1486 Allcn
1343 1418 1436 1485 Stud.
1470 1419 1519 1482 III

388 1548 420 1610 p.
436 1527 527 1605 238),
551 1521 724 1604 praecipue
742 1519 868 1603 dignae,
891 1539 974 1602 quac
989 1525 1285 1600 commemorentur,
1309 1517 1430 1582 formae
1446 1523 1520 1581 sunt

388 1623 500 1705 quales
524 1623 678 1693 νοέοντες
693 1618 724 1681 in
741 1617 789 1681 tit.
804 1618 897 1701 phoo.
921 1621 986 1700 (ap.
1002 1617 1095 1681 Ross.
1111 1619 1174 1699 81),
1198 1620 1306 1680 ποιέω
1330 1633 1383 1696 ap.
1402 1613 1519 1696 Sophr.

390 1723 448 1799 74,
479 1721 657 1792 ποιέοντες
686 1716 719 1779 in
747 1715 795 1779 tit.
824 1714 934 1797 delph.
957 1715 1007 1779 W.
1035 1714 1071 1778 F.
1096 1719 1153 1795 24,
1185 1718 1220 1794 6,
1253 1716 1416 1777 ποιέοντα
1446 1715 1518 1791 306,

390 1820 553 1880 ποιέωντι
574 1834 627 1878 an.
651 1811 759 1895 delph.
783 1816 834 1893 30,
858 1816 1025 1877 moldonea
1047 1812 1097 1877 W.
1114 1812 1150 1877 F.
1174 1816 1225 1893 20,
1248 1809 1337 1891 dal,
1362 1829 1381 1876 θ
1403 1810 1520 1892 quibus

391 1913 487 1979 etiam
511 1910 663 1975 Doridem
686 1911 816 1975 vocales
844 1910 972 1975 hiantes
994 1910 1126 1975 minimo
1148 1910 1288 1976 evitasse
1309 1909 1380 1972 luce
1404 1908 1520 1972 clarius

390 2009 434 2075 fit.
479 2009 585 2087 Quare
608 2028 702 2090 quam
725 2008 865 2073 maxime
887 2006 1083 2090 sperandum
1106 2015 1155 2074 est
1177 2008 1259 2088 lore,
1289 2012 1324 2070 ut
1346 2004 1522 2070 falsissima

392 2108 450 2173 illa
474 2106 514 2171 de
538 2105 676 2171 dialecto
699 2105 804 2170 ionica
827 2106 936 2187 opinio
958 2125 979 2169 a
1000 2105 1077 2170 viris
1098 2105 1201 2170 doctis
1228 2103 1360 2168 tandem
1384 2102 1521 2167 derelin-

391 2210 515 2288 quatur.
560 2202 745 2268 invenimus
775 2202 859 2266 enim
888 2209 954 2267 tres
982 2210 1208 2268 concurrentes
1235 2201 1365 2266 vocales
1387 2200 1520 2264 Ionibus

391 2324 463 2369 raro
492 2308 616 2367 tantum
645 2305 795 2382 acceptas
823 2300 932 2364 tuisse.
975 2302 1059 2365 Nam
1082 2301 1108 2365 si
1131 2301 1252 2383 duplex
1275 2323 1290 2363 ε
1313 2298 1371 2363 alii
1392 2298 1521 2361 cuidam

392 2400 496 2465 vocali
525 2397 705 2482 praecedit,
735 2416 863 2479 semper
884 2402 941 2461 aut
969 2399 1104 2463 alterum
1128 2423 1143 2463 ε
1167 2397 1363 2481 hyphaeresi
1392 2393 1522 2461 eliditur

392 2503 449 2562 aut
476 2496 633 2579 posterius
657 2518 672 2560 s
696 2513 766 2558 oum
796 2496 944 2575 sequenti
969 2497 1074 2561 vocali
1097 2496 1302 2561 contrahitur.
1347 2494 1406 2558 Sin
1429 2513 1522 2556 voea-

392 2594 470 2658 lium
499 2592 752 2657 concurrentium
781 2593 868 2674 prior
898 2616 909 2655 ι
937 2595 1043 2658 altera
1073 2619 1087 2659 ε
1117 2600 1178 2673 est,
1218 2616 1272 2657 ιεα
1301 2614 1360 2655 ιειι
1390 2590 1521 2672 quidem

394 2695 542 2771 manent,
565 2689 635 2754 sine
657 2688 754 2753 dubio
776 2696 956 2772 propterea,
984 2691 1069 2772 quod
1092 2711 1202 2755 omnes
1225 2690 1259 2754 hi
1280 2687 1352 2754 soni
1374 2688 1455 2753 satis
1479 2686 1522 2749 di-

395 2806 504 2865 verso,
534 2794 568 2850 ut
595 2785 642 2849 ita
672 2785 791 2867 dicam,
822 2789 929 2853 colore
959 2788 1079 2870 induti,
1109 2790 1218 2870 itaque
1241 2807 1259 2851 e
1280 2788 1354 2867 lege
1380 2784 1521 2866 quadam

281 2898 286 2908 ·
393 2884 525 2967 linguae
552 2883 678 2965 longius
707 2891 838 2965 patente
858 2885 943 2949 inter
965 2905 1000 2950 se
1023 2884 1111 2950 haud
1136 2883 1309 2970 δύσφωνοι
1332 2888 1441 2962 erant,
1473 2904 1520 2945 ιεε

396 3006 460 3047 ιεει
491 2988 598 3047 autem
630 2981 664 3045 in
694 3006 740 3046 ιει
768 2982 1006 3047 contrahuntur.
1053 2982 1175 3048 Eadem
1203 2981 1363 3046 vocalium
1392 3005 1411 3043 v
1443 2987 1475 3045 et
1504 3002 1520 3041 ο

394 3079 475 3144 ratio
498 3086 556 3144 est.
586 3094 713 3145 οοϊαεε
737 3080 867 3144 omnino
890 3086 1067 3158 servantur,
1090 3086 1202 3144 contra
1224 3103 1281 3164 ηεε
1303 3078 1336 3141 in
1360 3101 1416 3163 ηει
1439 3084 1524 3141 tran·

338 3235 341 3244 .
395 3176 444 3241 sit.
484 3176 687 3243 Antecedens
711 3176 929 3259 diphthongus
951 3177 1074 3240 nullam
1090 3176 1154 3240 vim
1170 3177 1269 3241 habet
1283 3176 1326 3240 ad
1349 3181 1522 3256 sequentes

395 3275 524 3339 vocales
545 3273 783 3339 contrahendas
805 3280 1028 3356 praeterquam
1051 3273 1153 3355 quod,
1180 3273 1250 3339 sine
1273 3272 1371 3337 dubio
1394 3278 1525 3356 propter

395 3371 527 3435 nimiam
549 3371 709 3436 vocalium
732 3371 986 3452 similitudinem,
1017 3394 1104 3435 οιεοι
1125 3370 1159 3435 in
1181 3395 1251 3435 οιοι
1272 3369 1472 3435 contrahitur
1494 3374 1524 3432 et

396 3487 467 3532 oum
496 3487 538 3532 ne
567 3468 705 3551 simplex
731 3469 859 3549 quidem
883 3493 921 3553 aq
945 3468 986 3533 ab
1009 3468 1140 3533 Ionibus
1166 3467 1349 3549 adametur,
1379 3486 1421 3532 ex
1451 3490 1521 3551 οιεη

397 3587 451 3648 οιη
483 3563 601 3629 evadit.
645 3566 694 3630 De
723 3588 759 3630 εο
791 3588 847 3629 coc
874 3570 911 3629 ου
941 3586 971 3629 v.
995 3568 1014 3643 ξ
1036 3570 1065 3630 6.
1110 3564 1145 3630 si
1174 3563 1367 3647 posteriores
1395 3564 1524 3628 vocales

396 3668 532 3744 spectas,
557 3684 596 3724 εοι
612 3684 656 3724 aro
674 3676 707 3726 ει·
727 3669 800 3744 post
820 3664 950 3729 vocales
970 3682 1153 3743 numquam,
1178 3685 1215 3746 aq
1240 3684 1292 3725 εοι
1315 3686 1365 3726 εει
1387 3680 1523 3744 semper,

398 3781 432 3822 εε
455 3758 531 3822 item
554 3776 689 3842 semper,
712 3766 936 3842 praeterquam
958 3767 1031 3844 post
1052 3784 1084 3837 α,
1111 3759 1350 3824 contrahuntur.
1389 3758 1522 3825 Omnem

395 3854 553 3920 rationem
576 3873 616 3919 ex
638 3857 699 3922 hoc
721 3858 884 3924 schemate
906 3877 1095 3941 cognosces:

664 4027 787 4091 Manet:
811 4040 867 4091 αεϊ
924 4046 965 4091 ex
988 4052 1040 4092 ees
1070 4026 1104 4091 fit
1127 4051 1161 4092 ee
1214 4053 1216 4056 ·

813 4147 869 4188 cce
941 4161 957 4170 -
988 4149 1036 4189 ιεε
1081 4160 1097 4170 -
1128 4148 1173 4189 ιει

689 4242 691 4248 ’
814 4244 882 4285 otae
938 4257 955 4267 -
983 4245 1039 4286 vas
1078 4258 1095 4267 -
1124 4246 1176 4286 οει
