3575 5334
596 685 598 689 '
644 680 675 736 de
694 658 981 737 dialectoherodotea.
1318 686 1378 745 145

248 857 306 933 est,
330 849 419 933 quod
441 850 519 917 satis
541 850 645 916 mirer.
691 849 838 918 Ceterum
862 853 904 917 ad
928 855 1119 920 Fritschium-
1139 858 1266 940 ablcgo.
1302 859 1379 925 For·

248 969 372 1014 marum
397 949 562 1031 catalogus
585 948 637 1014 hic
660 957 722 1014 cst:
750 951 788 1015 In
803 952 950 1017 omnibus
972 952 1062 1018 libris
1084 952 1202 1036 legitur
1224 952 1379 1038 ἀπολογι-

249 1044 392 1131 αρύυεαι
415 1045 512 1127 141,
546 1044 725 1128 quodcum
755 1048 849 1112 futuri
880 1049 969 1112 notio
998 1049 1191 1132 requiratur,
1222 1049 1379 1135 ἀπολογι-

249 1148 394 1229 αρυυέαι
417 1143 619 1208 scribendum
636 1151 699 1223 cst;
724 1145 849 1227 longior
870 1145 973 1211 forma
995 1147 1162 1229 praevalet
1184 1149 1215 1211 in
1232 1154 1377 1235 φοβέεαι

249 1240 328 1305 139
352 1241 411 1320 (sic
433 1238 546 1319 ActP,
576 1265 648 1305 -εαι
671 1249 759 1320 661),
792 1241 958 1325 διαιρέεαι
983 1243 1046 1308 VII
1069 1248 1108 1308 50
1138 1243 1299 1328 (διαιρέαι
1321 1248 1376 1327 Β),

250 1338 343 1404 δέεαι
368 1338 429 1403 Vll
456 1342 511 1403 161
538 1337 610 1425 (δέη
635 1339 678 1416 Ε)
705 1339 789 1421 quod
812 1347 916 1404 utrum
940 1340 1052 1405 mutari
1077 1340 1208 1423 debeat,
1238 1343 1375 1409 dubitari

248 1443 363 1518 potest.
416 1435 493 1501 (lum
525 1436 608 1501 eninr
640 1435 705 1501 δέω
734 1438 865 1502 verbum
897 1436 1108 1503 derivativum
1136 1460 1202 1504 non
1230 1440 1285 1518 sit,
1318 1441 1376 1506 scd
1444 1470 1450 1480 ·

249 1534 344 1616 hujus
372 1534 461 1598 vocis
494 1533 591 1615 stirps
620 1534 653 1597 in
685 1558 706 1597 fi
736 1541 829 1599 exeat
862 1541 894 1599 ct
928 1533 1090 1617 digamma
1124 1538 1223 1601 multo
1258 1538 1376 1606 diutius

249 1650 343 1712 qnam
369 1630 394 1714 γ’
422 1631 455 1694 in
489 1631 597 1696 verbis
630 1617 825 1696 derivativis
850 1632 978 1701 obvium
1013 1640 1173 1698 servatum
1210 1635 1266 1716 sit,
1304 1655 1376 1703 csso

249 1733 363 1810 potest,
387 1733 421 1817 ut
443 1728 596 1810 digammi
615 1729 702 1793 vocis
724 1726 864 1795 *δέιεαι
887 1729 1056 1815 paullatim
1081 1732 1303 1798 evanescentis
1325 1734 1376 1799 vis

250 1825 405 1905 effecerit,
435 1831 470 1890 ut
491 1826 650 1890 vocalium
674 1849 747 1890 εεαι
772 1827 944 1891 cumulatio
973 1827 1051 1891 alibi
1073 1827 1227 1893 inusitata
1248 1829 1290 1894 sit
1311 1849 1377 1895 ser-

249 1931 332 1987 vata.
355 1957 397 1968 -
420 1922 555 1988 Sericus
569 1930 604 1986 ut
614 1922 683 2005 jam
707 1923 774 1987 dixi
795 1924 822 1985 P
841 1924 893 1989 vel
909 1923 964 1985 Pz
986 1924 1157 2008 longiores,
1181 1927 1276 1993 ceteri
1300 1929 1373 1994 bre·

249 2021 353 2085 viores
375 2016 492 2085 formas
515 2020 702 2085 ostendunt:
725 2019 820 2084 1206
843 2024 1051 2101 προθυμέαι,
1075 2022 1182 2086 11134
1205 2022 1375 2104 ἐπαινέαι,

249 2116 291 2180 IV
315 2119 335 2179 9
358 2114 553 2202 εὐφρανέαι,
577 2118 621 2181 IV
647 2121 706 2182 163
730 2113 927 2180 ἀποθανέαι
950 2112 1158 2192 (ἀποθανέαι
1181 2119 1225 2195 d),
1248 2121 1374 2186 VI147

251 2212 395 2299 διαιρέαι
426 2213 584 2297 (διαέρεαι
608 2215 668 2292 Β),
699 2214 760 2278 VlI
784 2216 823 2277 52
847 2217 983 2298 φοβέαι.
1028 2214 1128 2278 Multo
1150 2216 1246 2280 etiam
1268 2219 1374 2285 minus

250 2331 344 2395 quam
359 2335 432 2376 εεαι
450 2335 544 2388 ιεεαι,
569 2312 653 2394 quod
679 2309 861 2375 Dindorfius
883 2310 917 2374 in
938 2315 1091 2393 χαριέεαι
1111 2312 1193 2393 Ι90,
1218 2321 1373 2395 κομιέεαι

249 2409 373 2490 11121,
399 2412 417 2473 3
447 2408 522 2485 (VII
544 2411 597 2484 49)
626 2408 749 2474 restitui
772 2408 856 2484 vult,
889 2407 964 2471 fcrri
995 2414 1109 2488 potest.
1154 2409 1225 2474 lllic
1247 2411 1374 2479 codices

249 2503 343 2568 ABG
357 2517 480 2590 χαριεῖ,
504 2506 556 2570 Pz
578 2512 707 2591 χαριῆι,
731 2505 763 2567 R
783 2500 893 2589 χαριή,
925 2504 1076 2589 ιίχαρέη,
1099 2504 1150 2570 hic
1172 2506 1297 2571 ABCP
1315 2533 1374 2573 κο-

248 2613 326 2682 μιεῖ,
350 2602 435 2681 Ppr·.
458 2604 514 2665 er
534 2608 656 2689 κομίσῃ
682 2602 847 2686 praebent.
881 2599 960 2665 (lum
985 2601 1140 2667 Dindorfii
1162 2603 1319 2688 scriptura
1341 2612 1374 2673 ct

248 2698 410 2765 codicibus
443 2706 475 2765 61
504 2702 590 2766 omni
625 2700 742 2765 rationi
776 2705 948 2782 repugnet,
983 2698 1162 2766 Brcdovius
1194 2721 1226 2784 p.
1251 2705 1312 2769 378
1343 2710 1374 2770 et

248 2795 386 2862 Sicinius
414 2808 526 2881 χαριεῖ
553 2807 668 2878 κομιεῖ
695 2796 789 2862 scribi
818 2796 944 2879 jubent.
988 2794 1054 2861 Sed
1084 2816 1126 2861 nc
1153 2797 1215 2862 bac
1244 2799 1374 2881 quidem

247 2892 366 2959 formae
387 2895 547 2976 genuinae
569 2899 657 2975 sunt,
688 2894 762 2976 quia
791 2917 839 2958 -ει
868 2893 902 2957 in
925 2890 1067 2958 secunda
1088 2913 1240 2976 persona,
1272 2916 1311 2962 ex
1332 2923 1370 2984 -ῃ

248 2996 374 3073 natum,
405 2992 491 3074 apud
520 2994 606 3057 solos
629 2992 751 3056 Atticos
772 3011 832 3055 usu
854 2990 944 3054 venit
972 2989 1023 3062 (cf.
1046 2989 1181 3055 Kuhncr
1201 3010 1248 3073 gr.
1270 2998 1334 3075 gal
1356 2995 1373 3059 Ι

249 3109 277 3171 p.
301 3092 363 3153 536
386 3093 482 3170 not),
510 3088 617 3171 itaque
651 3107 721 3153 cnm
750 3091 882 3169 χαριέαι
914 3105 955 3150 ex
977 3083 1154 3167 *χαριέεαι
1177 3087 1371 3171 hyphae'resi

248 3192 348 3249 ortum
371 3203 477 3268 neque
500 3185 650 3250 traditum
673 3185 714 3249 sit
736 3191 767 3248 ct
788 3188 919 3265 propter
941 3183 1189 3264 inopportunum
1212 3184 1371 3248 vocalium

247 3302 431 3349 concursum
462 3292 548 3347 (nam
578 3282 636 3347 etsi
667 3305 720 3346 ιεα
749 3283 834 3357 (veo)
864 3279 1090 3360 admittuntur,
1125 3278 1202 3344 ιἐαι.
1226 3287 1371 3362 quartam

248 3380 388 3446 continet
416 3379 572 3453 vocalem)
607 3379 662 3442 vix
690 3385 774 3443 stare
803 3377 919 3459 possit,
957 3373 1105 3457 equidem
1141 3382 1243 3462 κομιῇ
1269 3383 1372 3464 χαριῇ

247 3478 340 3542 scribi
369 3477 477 3543 velim.
522 3477 572 3541 Dc
600 3474 753 3557 κομίζεαι
782 3478 926 3554 κομίεαι,
962 3471 1047 3554 quod
1080 3472 1168 3555 apud
1196 3472 1370 3540 Stobaeum

246 3594 329 3640 nunc
352 3575 488 3656 legitur,
502 3572 562 3637 VII
587 3575 626 3636 49
650 3573 689 3636 cl.
713 3570 825 3638 Steinii
848 3576 914 3635 not.
937 3570 1005 3634 crit.

328 3671 463 3750 Praeter
476 3670 536 3735 has
550 3670 699 3763 verbales
713 3669 830 3734 formas
846 3686 1057 3733 commemoro
1074 3671 1209 3748 συγχέαι
1224 3666 1288 3731 VII
1301 3671 1370 3751 136,

247 3767 380 3848 διαχέαι
402 3767 481 3832 VIII
506 3770 544 3830 57
568 3767 648 3848 sim,
678 3785 759 3848 quae
786 3765 908 3830 formae
936 3763 1081 3828 contrahi
1103 3764 1233 3827 omnino
1262 3764 1372 3846 nequi·

245 3865 333 3930 bant.
365 3863 547 3930 contractio
570 3864 654 3927 lacta
677 3882 748 3928 esse
762 3861 886 3927 videtur
903 3862 936 3925 in
952 3860 1109 3925 vocabulo
1124 3860 1225 3942 γαλαῖ
1237 3861 1282 3925 IV
1301 3864 1371 3943 192,

244 3961 330 4045 quod
353 3969 389 4026 nt
417 3959 499 4026 illud
527 3960 677 4043 μυγαλᾶς
699 3958 825 4023 oodines
854 3977 965 4023 omnes
993 3956 1165 4039 praebent,
1194 3957 1256 4021 nisi
1286 3955 1371 4038 qnod

243 4078 353 4124 rursus
376 4058 400 4121 d
419 4064 539 4122 mutato
562 4064 696 4122 accentu
718 4056 818 4140 γαλαῖ
840 4055 982 4119 exhibet.
1018 4052 1116 4117 Dind.
1139 4074 1169 4136 p.
1193 4052 1274 4117 XIII
1296 4052 1372 4117 Brc·

245 4156 360 4222 dovius
382 4178 414 4240 p.
439 4158 510 4235 220,
540 4155 616 4219 item
639 4154 672 4217 in
694 4153 852 4235 prioribus
875 4149 1069 4215 editionibus
1090 4148 1232 4214 Steinius
1252 4147 1371 4231 γαλέαι

244 4253 404 4333 scribunt,
443 4271 575 4334 quorum
612 4250 802 4317 sententiam
842 4255 949 4313 nostro
983 4246 1056 4328 jure
1091 4251 1233 4310 nostram
1265 4243 1372 4342 facere

297 4353 410 4398 Currrrvs,
427 4352 518 4391 Studien
532 4350 595 4391 VIII.
1138 4346 1166 4394 10
