3575 5334
338 687 399 750 lib
829 690 970 746 Monadors

336 882 521 951 possumus3
554 863 611 930 sed
639 862 774 929 fortasse
801 862 896 927 etiam
927 864 979 928 bic
1009 864 1108 946 γαλαῖ
1136 868 1171 926 ut
1192 860 1311 927 codicis
1340 862 1364 924 d
1389 862 1461 928 scri·

337 971 432 1050 ptura
445 983 523 1029 vcra
537 963 588 1043 sit,
611 959 805 1044 hyphaeresi
827 959 969 1025 admissa
991 959 1163 1043 legendum
1187 966 1245 1042 cst,
1268 979 1461 1043 quamquam

338 1063 365 1128 si
383 1062 503 1146 justam
526 1079 655 1125 causam
677 1077 803 1142 poscas,
827 1077 881 1122 cur
904 1058 1042 1122 hicnon
1065 1063 1100 1121 ut
1121 1058 1204 1122 solet
1224 1057 1342 1140 γαλέαι
1365 1057 1461 1123 Hero

338 1159 447 1240 dotus,
486 1156 544 1223 sed
577 1176 636 1240 per
669 1155 897 1247 hyphacresim
928 1155 1028 1239 yolol
1060 1155 1192 1236 dixerit,
1226 1154 1375 1237 equidem
1409 1155 1462 1218 vix

338 1259 443 1324 habco
466 1254 543 1339 qnid
566 1251 790 1336 respondeam.
1038 1255 1040 1258 ’

822 1474 841 1552 ὅ
865 1476 894 1536 3.
939 1495 984 1537 εε.

426 1612 476 1675 Ex
498 1608 649 1674 universa
669 1607 737 1674 fere
758 1607 902 1674 dialecti·
912 1608 1099 1674 neoiouioac
1126 1607 1236 1674 indole
1258 1607 1340 1672 nihil
1363 1608 1463 1689 magis

340 1715 451 1776 uotum
474 1725 545 1772 csse
566 1705 702 1788 videtur,
731 1724 825 1788 quam
854 1705 939 1788 quod
962 1706 1057 1770 lones
1085 1705 1119 1770 in
1144 1704 1373 1787 conjugatione
1398 1724 1464 1771 ver·

341 1807 452 1871 borum
474 1804 508 1868 in
523 1826 586 1868 -εω
606 1802 789 1868 exeuntium
812 1804 953 1867 omnium
975 1802 1041 1868 iere
1064 1809 1239 1868 ceterarum
1255 1802 1463 1867 dialectorum

341 1903 451 1980 formis
478 1900 649 1966 contractis
676 1899 798 1965 solutas
826 1919 990 1983 opponere
1013 1901 1184 1979 soleant⁹)‚
1214 1900 1300 1982 quod
1328 1898 1464 1964 eumad

342 2018 452 2064 omncs
479 1998 638 2062 vocalium
666 1996 908 2079 conjunctiones
935 2005 1001 2062 tum
1023 1997 1066 2061 ad
1094 2020 1129 2062 εε
1158 2019 1210 2061 εει
1238 2020 1275 2082 sq
1305 1998 1465 2079 pertinere

341 2103 465 2181 putant.
510 2096 590 2159 llam
612 2113 679 2159 rem
702 2101 808 2158 autem
837 2114 902 2158 non
923 2096 1027 2160 solum
1048 2102 1192 2159 veterum
1214 2094 1402 2159 testimonia
1422 2101 1465 2159 te

341 2201 467 2261 stantun
488 2191 527 2257 cl.
551 2192 639 2257 Eust.
661 2211 693 2274 p.
718 2193 810 2267 1892,
834 2195 874 2257 38
899 2190 938 2255 τὸ
960 2187 1047 2274 παρ’
1071 2186 1151 2277 ἡμῖν
1173 2190 1271 2256 ἐπλει
1293 2193 1352 2256 καὶ
1374 2190 1465 2273 ἐρρει

342 2290 436 2374 παρὰ
451 2284 640 2365 ταῖςἼωσιν
664 2286 783 2353 ἐπλεεν
800 2285 915 2371 ἐρρεεν
938 2282 984 2365 ὡς
1006 2296 1067 2375 τῆς
1089 2313 1120 2353 ει
1142 2286 1335 2373 διφθόνγσυ
1358 2312 1466 2354 τεινο-

341 2394 445 2474 μένης
468 2382 553 2469 παρ’
577 2382 692 2461 αὐτοῖς
715 2383 765 2461 εἰς
787 2382 891 2471 ἄμφω
914 2393 1028 2464 ταῦτα,
1052 2385 1148 2467 Greg.
1171 2384 1242 2450 Cor,
1264 2406 1296 2469 p.
1319 2388 1383 2451 395
1399 2406 1465 2467 squ.

342 2498 415 2558 ταῖς
437 2493 682 2565 παρατατικσῖς
704 2483 855 2559 καὶτοῖς
878 2482 1061 2549 ἐνεστῶσιν
1083 2479 1210 2565 ὁμοίως
1230 2485 1288 2547 καὶ
1309 2493 1386 2559 ταῖς
1407 2506 1465 2564 με·

342 2593 458 2663 τσχαῖς
479 2585 546 2643 τῶν
562 2584 833 2661 περισπωμένων
854 2581 912 2645 καὶ
934 2576 1050 2655 ἁπλῶς
1072 2578 1183 2645 εἰπεῖν
1205 2577 1335 2657 πάσαις
1358 2578 1466 2663 ἐγκλί-

344 2701 436 2744 νεσιν
471 2674 613 2752 ἐντελῶς
641 2680 818 2761 κέχρηνται
847 2673 893 2754 ὡς
922 2676 958 2743 ἐν
990 2689 1062 2754 ταῖς
1087 2674 1379 2759 Ἀνακρεσνεείσις
1411 2677 1466 2741 καὶ

345 2774 382 2841 ἐν
410 2780 457 2860 τῷ
477 2778 616 2861 χρησμῷ
645 2775 703 2838 καὶ
722 2768 920 2857 Ἡρόδοτος,
954 2775 1012 2841 sod
1041 2775 1137 2839 etiam
1166 2782 1199 2840 ot
1226 2773 1315 2857 apud
1344 2780 1466 2857 poetae,

345 2872 399 2955 qui
428 2877 608 2937 contractas
635 2891 731 2938 voces
753 2892 822 2937 cum
853 2874 967 2939 solutis
995 2874 1145 2954 miscent,
1177 2879 1210 2937 ct
1236 2869 1325 2955 apud
1349 2871 1467 2954 Hippo-

345 2977 463 3034 cratem
494 2976 526 3034 et
553 2968 639 3051 apud
673 2977 795 3035 ceteros
826 2970 998 3053 scriptores
1030 2971 1167 3051 ionicos,
1199 2974 1356 3051 quotquot
1386 2969 1467 3051 trug-

344 3072 455 3131 menta
482 3065 587 3131 adhuc
615 3072 853 3148 praestosum,
883 3073 950 3132 tam
976 3068 1241 3152 multaeformae
1269 3068 1397 3133 solutae
1423 3074 1467 3131 te·

345 3171 449 3231 statae
470 3170 552 3240 sunt,
576 3167 611 3227 ut
635 3164 694 3227 bac
716 3162 758 3228 dc
778 3184 813 3229 re
832 3184 874 3230 ne
888 3165 1022 3229 minima
1043 3164 1172 3246 quidem
1196 3163 1352 3229 dubitatio
1374 3165 1468 3230 relin-

346 3262 398 3343 qui
431 3260 589 3326 videatur.
632 3260 679 3323 Eo
712 3261 816 3343 magis
848 3262 956 3327 mirari
984 3261 1154 3341 debemus,
1188 3259 1273 3342 quod
1305 3261 1467 3326 titulorum

344 3358 519 3422 ionicorum
542 3357 695 3422 memoria
716 3377 845 3439 prorsus
867 3358 997 3425 diversa
1017 3365 1075 3423 cst.
1120 3358 1213 3436 Nam,
1235 3363 1271 3422 ut
1293 3358 1415 3424 Erman
1437 3359 1467 3422 in

346 3452 437 3519 stud.
468 3453 554 3535 V·p.
576 3457 638 3519 288
667 3454 856 3537 explicavit,
891 3475 951 3521 eae
981 3457 1100 3520 formas
1127 3455 1160 3519 in
1190 3479 1224 3520 εε
1255 3478 1306 3521 εει
1335 3479 1375 3542 sq
1405 3475 1467 3521 non

347 3552 450 3615 solum
489 3557 561 3632 post
598 3552 728 3617 vocales
764 3551 821 3617 sed
857 3552 954 3617 ctiam
991 3560 1064 3635 post
1095 3572 1253 3618 consonas
1288 3560 1468 3618 contractas

347 3652 512 3712 ostentant
543 3649 632 3712 velut
664 3646 795 3713 ἐπαὶειν
827 3649 860 3713 in
898 3650 945 3714 tit.
978 3651 1081 3715 miles.
1118 3620 1302 3720 (Kirchiroff
1335 3648 1468 3726 „Stuu.“

343 3763 379 3825 .p.
396 3746 448 3813 24)
471 3741 644 3808 ἐπικαλεῖν
667 3742 812 3832 ἐπικαλῇ
833 3746 866 3809 in
889 3744 937 3810 tit.
956 3745 1260 3825 Ιια1ἰα.’ἐπεσιάτει,
1281 3754 1317 3812 ut
1330 3747 1466 3827 videtur,

347 3840 381 3903 in
403 3840 450 3906 tit.
471 3841 572 3922 pario.
617 3840 739 3919 Quibus
765 3842 1025 3925 inscriptionibus
1053 3844 1151 3909 fretus
1174 3845 1333 3910 Ermanus
1361 3845 1468 3927 vulga·

417 4034 438 4099 ⁹)
454 4034 499 4088 Ee
515 4049 559 4090 res
575 4036 687 4091 Ionibus
704 4042 759 4092 tam
777 4038 887 4107 propria
906 4053 965 4093 esse
983 4053 1129 4109 eorumque
1144 4038 1264 4107 linguam
1281 4055 1349 4108 pras
1373 4038 1468 4095 ceteris

346 4114 385 4170 ita
401 4113 554 4183 significare
570 4116 726 4183 videbatur,
749 4124 781 4172 ut
798 4134 832 4172 ex
849 4132 881 4171 ea
899 4118 1068 4186 potissimum
1084 4120 1221 4187 vulgarem
1237 4118 1312 4173 illam
1330 4120 1364 4173 de
1381 4119 1466 4174 ionico

348 4194 567 4249 concurrentium
589 4197 724 4253 vocalium
750 4213 841 4252 amore
865 4198 1000 4267 prolatam
1027 4201 1187 4254 sententiam
1210 4192 1385 4253 defluentiam
1410 4211 1467 4253 esse

343 4280 448 4343 putem.
