3575 5334
562 752 565 759 ¹
646 690 679 745 de
697 690 812 745 dialecto
830 690 923 745 Attica
939 693 1093 747 vetustiore.
1128 693 1149 745 I.
1395 693 1457 755 247
1550 754 1552 757 ,

328 864 490 929 rationem
512 862 612 927 secuti
634 869 716 942 sunt,
740 870 774 926 ut
795 863 993 944 singularum
1004 864 1171 928 civitatum
1187 865 1326 947 nomina,
1350 867 1459 948 qualia

329 961 373 1025 ab
396 960 477 1043 ipsis
500 959 624 1024 civibus
646 960 938 1041 pronuntiarentur,
961 969 1137 1026 servarent.
1174 982 1236 1043 quo
1259 963 1375 1027 iactum
1400 972 1458 1045 est,
1522 996 1526 1001 ·

330 1066 366 1123 ut
388 1063 422 1123 et
446 1078 489 1120 σσ
511 1077 568 1139 pro
590 1080 629 1119 ττ
648 1056 823 1140 positarum
848 1065 920 1141 etp
943 1058 1072 1123 Ionicae
1094 1079 1159 1123 non
1183 1080 1288 1143 pauca
1309 1063 1459 1144 exempla

331 1156 365 1220 in
388 1154 615 1237 inscriptiones
637 1154 760 1219 Atticas
782 1154 969 1237 irreperent.
1006 1176 1082 1220 nam
1097 1175 1179 1237 qnae
1201 1157 1260 1222 suh
1283 1158 1460 1224 Athenien·

331 1253 414 1319 sium
437 1252 573 1335 imperio
596 1252 786 1316 coniunctae
809 1258 901 1316 erant
923 1252 1078 1332 civitates,
1109 1251 1163 1318 aut
1185 1254 1307 1335 origine
1329 1255 1459 1321 lonicae

332 1357 427 1417 erant
448 1356 504 1415 aut
526 1349 559 1412 in
582 1348 751 1414 scribendo
774 1350 887 1414 saltem
911 1350 1021 1414 Ionica
1050 1351 1187 1415 dialecto
1213 1354 1378 1433 tamquam
1401 1374 1460 1419 sua

332 1446 549 1526 utebantur⁹),
588 1445 677 1512 cuius
706 1447 751 1511 rei
780 1448 962 1530 exemplum
987 1447 1226 1518 celeberrimum
1255 1450 1460 1516 Halicarnas-

331 1564 428 1612 sense
451 1544 506 1608 vix
528 1564 607 1627 opus
630 1550 678 1609 est
700 1545 950 1609 commemorari.
983 1544 1095 1609 harum
1110 1546 1206 1628 igitur
1221 1548 1352 1611 nomina
1374 1546 1459 1629 quod

332 1644 365 1707 in
387 1641 649 1724 inscriptionibus
665 1641 778 1707 Atticis
793 1642 953 1707 interdum
969 1641 1087 1707 Ionicis
1104 1643 1213 1709 formis
1235 1644 1354 1727 scripta
1375 1650 1460 1723 sunt,

332 1740 411 1805 inde
445 1740 485 1804 de
514 1738 757 1804 Atheniensium
791 1740 930 1804 dialecto
964 1739 1046 1803 nihil
1074 1739 1182 1821 colligi
1211 1761 1307 1823 posse
1339 1762 1396 1826 per
1425 1760 1461 1807 se

333 1843 434 1920 patet.
464 1836 523 1901 sed
539 1856 580 1901 ne
596 1836 665 1918 quis
681 1835 882 1918 diligentiam
906 1856 1009 1901 meam
1032 1837 1066 1899 in
1091 1838 1247 1919 exemplis
1270 1838 1461 1922 colligendis

334 1933 543 2014 desideraret,
574 1953 623 2015 ea,
647 1953 730 2014 quae
751 1936 865 2017 reperi,
889 1932 974 1997 infra
994 1933 1101 2016 posui:

394 2024 592 2115 ,Αὖλιῆται
621 2034 693 2111 230,
716 2043 741 2094 9.
777 2033 848 2110 237,
879 2042 902 2091 2.
952 2023 1050 2114 Ἰῆται
1078 2034 1198 2111 37¹⁰)s‚
1232 2045 1271 2098 66.
1305 2036 1376 2113 230,
1407 2032 1461 2097 tib.

335 2133 413 2210 235,
446 2136 496 2194 14⁰.
540 2132 618 2208 244,
647 2139 686 2191 sa.
735 2128 916 2208 Κεὸριῆται
944 2130 1022 2208 226,
1053 2139 1090 2189 n.
1136 2132 1212 2209 228,
1244 2142 1281 2193 n.
1331 2134 1402 2209 237,
1436 2142 1461 2193 r.

335 2227 449 2307 261A,
479 2240 503 2289 7.
551 2225 715 2309 Ναξιῆται
745 2228 825 2305 229,
856 2236 893 2287 12.
938 2227 1010 2304 237,
1046 2235 1085 2287 23.
1139 2228 1289 2311 florario
1321 2228 1393 2303 237,
1423 2237 1462 2289 28.

335 2325 449 2389 horum
478 2323 617 2405 quinque
646 2322 936 2390 nominumetiam
965 2323 1087 2387 formae
1115 2342 1172 2406 per
1196 2348 1216 2385 α
1242 2323 1380 2405 scriptae
1409 2341 1463 2387 ex·

335 2428 431 2503 stant,
458 2440 590 2502 quarum
614 2420 763 2503 exempla
785 2439 826 2484 en
847 2419 955 2485 indice
976 2419 1164 2493 Kirchhoffii
1187 2420 1295 2502 colligi
1317 2425 1463 2502 possunt.

335 2519 422 2585 idem
445 2538 509 2582 non
532 2517 618 2582 cadit
640 2518 673 2581 in
697 2537 744 2596 ea,
772 2537 855 2597 qnae
877 2525 1066 2599 sequuntur:
1090 2516 1315 2601 Βαργυλιῆται
1334 2520 1405 2598 240,
1422 2528 1462 2581 78.
1522 2529 1527 2542 ·

338 2619 526 2701 Θρανιῆται
550 2618 621 2694 227,
645 2612 683 2678 9⁰.
714 2617 786 2693 229,
810 2618 862 2697 20,
884 2627 908 2679 8.

419 2706 584 2796 ’latentur
607 2731 733 2791 nomen,
757 2711 842 2792 quod
864 2712 961 2777 sicin
984 2712 1139 2794 catalogis
1162 2732 1289 2796 semper
1311 2711 1463 2794 scriptum

335 2817 401 2892 cst,
436 2811 531 2877 etiam
567 2809 654 2892 apud
688 2810 858 2892 scriptores
892 2810 1017 2875 Atticos
1052 2810 1274 2892 pervolgatum
1308 2809 1368 2873 fuit
1402 2808 1465 2873 hac

336 2910 453 2989 forma,
489 2926 572 2988 quac
600 2907 676 2987 quin
706 2924 746 2970 ex
775 2907 886 2971 Ionum
916 2906 1055 2972 dialecto
1083 2907 1116 2970 in
1145 2925 1344 2970 communem
1372 2925 1464 2970 usum

336 3005 478 3071 omnium
502 3006 695 3070 Graecorum
719 3004 928 3082 emanaverit,
952 3004 1089 3068 dubitari
1112 3024 1177 3066 non
1200 3009 1313 3086 potest.

423 3099 647 3185 Κυδωνιήτας,
678 3100 896 3182 quaereas
924 3100 957 3163 in
981 3101 1073 3164 titulo
1096 3099 1218 3162 donarii
1242 3099 1380 3162 bominis
1402 3098 1466 3181 pri·

338 3201 405 3266 vati
428 3206 543 3279 exstat,
566 3204 652 3264 recte
670 3196 886 3262 Kirchholfius
909 3216 1013 3261 errore
1035 3194 1194 3279 lapicidae
1217 3214 1274 3276 pro
1290 3191 1466 3256 Κυδωνιά-

336 3322 395 3381 της
417 3298 569 3380 scriptum
593 3315 664 3361 esse
690 3295 866 3375 existimat,
896 3312 971 3357 narn
995 3287 1229 3369 Κυδωνιάτας,
1260 3289 1384 3371 dequo
1408 3289 1466 3354 ille

338 3395 473 3475 dubitat,
497 3394 602 3458 minus
625 3392 793 3476 probabile
816 3410 886 3456 esse
909 3390 987 3453 mihi
1009 3390 1145 3453 videtur.
1199 3392 1202 3397 '

339 3640 456 3710 pretium
469 3640 528 3705 erit,
546 3641 635 3693 tamen
649 3654 721 3691 nune
733 3638 786 3692 hoc
798 3653 896 3691 munus
909 3635 1085 3690 omittendum
1098 3634 1164 3687 mihi
1176 3648 1235 3688 esse
1248 3634 1350 3701 putavi,
1368 3631 1468 3699 quippe

338 3738 392 3790 quo
412 3719 536 3775 coniecto
555 3719 590 3774 ad
610 3718 699 3787 ipsam
716 3712 855 3771 Atthidem
879 3715 1093 3784 cognoscendam
1115 3716 1227 3783 paulum
1251 3714 1294 3767 vel
1312 3712 1378 3767 nihil
1395 3710 1468 3765 citici

340 3816 422 3871 posse
439 3800 584 3855 videretur.
1415 3840 1419 3845 .

410 3882 431 3946 9)
455 3896 519 3933 nam
541 3877 777 3933 Kirchhoffius
800 3893 854 3931 non
878 3891 991 3945 prorsus
1016 3880 1089 3928 recte
1110 3873 1248 3928 iudicasse
1271 3872 1384 3937 videtur,
1408 3888 1469 3926 cum

341 3962 432 4015 Herm.
451 3961 485 4025 V,
503 3964 535 4013 52
558 3960 630 4013 dicat
649 3980 662 4021 η
681 3958 802 4013 Ionicam
826 3957 878 4011 nisi
901 3957 929 4009 in
948 3956 1099 4010 Ionicarum
1117 3954 1225 4007 urbium
1243 3953 1395 4007 nominibus
1414 3967 1469 4006 non

341 4040 455 4096 admitti.
490 4040 562 4109 quod
578 4040 606 4092 in
624 4039 738 4108 Ialysios
757 4042 830 4093 certe
848 4053 903 4091 non
921 4036 1006 4103 cadit3
1026 4036 1058 4089 de
1077 4034 1135 4087 aliis
1154 4033 1264 4087 dubium
1283 4038 1330 4085 est.

414 4122 445 4185 ¹⁰)
467 4120 511 4173 hic
532 4121 601 4189 lapis
625 4135 686 4173 eum
709 4118 837 4187 catalogis
865 4117 1030 4172 tributorum
1055 4130 1167 4183 prorsus
1190 4112 1392 4177 coniungendas
1418 4114 1468 4177 est,

345 4201 406 4268 quia
428 4201 457 4254 in
475 4216 506 4255 eo
531 4200 669 4255 decretum
692 4204 802 4254 senatus
827 4202 854 4253 et
876 4198 970 4266 populi
994 4196 1027 4249 de
1048 4194 1155 4248 tributis
1180 4191 1315 4246 sociorum
1335 4190 1375 4245 Ol.
1393 4190 1435 4256 88,
1454 4192 1470 4242 d

344 4280 447 4335 lactum
465 4280 598 4349 scriptum
616 4286 664 4335 est.
1099 4268 1101 4271 ’
