3575 5334
399 696 460 757 254
919 696 1007 751 Cauer

399 872 489 955 bulo,
520 889 624 950 neque
647 888 706 951 ego
729 868 941 933 dubitaverim
966 875 998 933 ct
1025 868 1085 932 boc
1108 867 1154 931 ita
1176 866 1341 949 explicare
1364 873 1411 949 et,
1442 866 1523 949 quod

398 970 496 1053 paulo
520 966 678 1032 difficilius
701 974 749 1031 est
771 967 946 1044 intellectu,
972 960 1115 1042 ὀλείζων.

484 1064 622 1130 εἴκοσι
644 1063 774 1147 primus,
797 1064 830 1127 ni
852 1063 948 1129 fallor
963 1062 1140 1128 Abrcnsius
1155 1060 1270 1127 Philol.
1294 1064 1345 1143 23,
1369 1057 1432 1126 tot
1455 1081 1524 1144 pro·

398 1163 547 1228 ductione
569 1162 720 1237 Ioniea'²l
744 1181 783 1226 ex
805 1159 942 1224 *reuoca
964 1161 1083 1225 factum
1106 1179 1177 1226 csse
1200 1159 1291 1240 dixit,
1319 1178 1414 1242 quem
1438 1158 1525 1223 dubi·

398 1268 504 1326 tanter
525 1266 652 1325 secutus
674 1267 722 1325 est
745 1258 927 1338 Curtius,
957 1260 1227 1341 ,Bemerkungen
1249 1257 1331 1322 tiber
1355 1256 1407 1322 die
1429 1258 1525 1339 Trag-

398 1359 492 1423 weite
522 1358 579 1422 der
609 1358 834 1437 Lautgesetze,
866 1356 1098 1423 insbesondere
1125 1356 1168 1419 im
1197 1354 1429 1421 Griecbiscbcn
1461 1353 1525 1418 und

397 1455 657 1535 Lateiniscben“,
690 1475 722 1537 p.
745 1457 796 1519 35.
840 1455 975 1537 putabat
1004 1454 1088 1518 enim
1117 1453 1215 1517 aliam
1238 1472 1364 1535 quoquc
1386 1452 1525 1535 explica·

398 1555 517 1638 tionem
547 1552 622 1618 ferri
651 1571 760 1633 posse,
796 1560 830 1616 ut
858 1571 899 1618 cx
927 1574 1037 1617 arnoni
1066 1572 1124 1636 per
1145 1552 1290 1615 vocalem
1313 1549 1524 1635 protheticam

397 1650 514 1716 factum
543 1656 628 1716 esset
658 1648 799 1723 asanaa,
830 1649 907 1715 inde
938 1650 1051 1714 εἴκοσι.
1097 1649 1328 1732 sedquoniam
1357 1646 1522 1729 exemplis,

398 1767 481 1831 quae
503 1768 600 1829 supra
622 1748 733 1827 attuli,
764 1748 926 1812 sententia
947 1748 1096 1812 Abrcnsii
1126 1748 1229 1829 magis
1258 1744 1447 1809 confirmata
1468 1749 1523 1823 cst,

399 1845 541 1910 Curtium
575 1844 678 1927 ipsum
709 1863 835 1926 quoque
864 1845 1014 1924 liberius,
1049 1865 1144 1927 quam
1176 1844 1233 1908 illo
1266 1844 1336 1908 loco
1370 1842 1462 1922 fecit,
1496 1841 1523 1905 ci

397 1963 601 2008 assensurum
625 1960 696 2006 csse
719 1948 805 2024 puto.
839 1949 979 2008 ceterum
1004 1941 1109 2007 εἴκοσι
1130 1943 1164 2006 in
1186 1941 1287 2007 titulis
1307 1940 1424 2004 Atticis
1447 1939 1522 2004 satis

397 2040 507 2104 multis
536 2040 616 2105 locis
638 2041 741 2121 iisque
764 2058 891 2123 semper
919 2059 977 2124 per
1001 2038 1036 2104 ΕΙ
1061 2039 1214 2122 scriptum
1244 2045 1371 2104 exstare
1397 2038 1453 2101 vix
1479 2042 1524 2101 est

397 2158 452 2204 cur
474 2157 729 2202 commemorem.
774 2145 881 2203 tamen
909 2158 1014 2220 pauca
1035 2136 1192 2219 adscripsi
1221 2137 1387 2219 exempla:
1429 2138 1479 2215 77,
1500 2145 1521 2197 8.

401 2239 470 2317 181,
493 2247 518 2299 4.
545 2235 643 2315 183d‚
667 2246 691 2298 s,
717 2246 754 2297 13.
781 2238 851 2315 188,
876 2247 913 2296 19.
935 2246 975 2298 25.
998 2245 1028 2295 ro
1043 2240 1103 2299 eto.

483 2326 671 2409 ὀλείζοσι
692 2352 822 2414 prorsus
845 2339 933 2397 certa
954 2332 1112 2414 scriptura
1133 2337 1238 2396 exstat
1271 2329 1332 2411 lB,
1356 2340 1396 2393 33.
1437 2347 1523 2412 prae·

397 2438 485 2496 terea
514 2429 637 2495 dnobus
667 2429 746 2494 locis
774 2431 878 2511 reperi
908 2424 1033 2506 ὄλειζον
1061 2449 1127 2493 non
1155 2447 1212 2512 per
1242 2425 1297 2508 ΕΙ,
1328 2426 1386 2492 sed
1413 2446 1471 2510 per
1498 2426 1522 2489 Ε

398 2528 559 2610 scriptum,
591 2530 619 2608 9,
646 2539 673 2588 ro
701 2533 734 2591 et
762 2529 799 2590 37
810 2547 840 2605 a,
866 2539 902 2590 rt.
947 2527 1004 2592 sed
1027 2530 1046 2590 9
1068 2527 1152 2607 lapis
1181 2525 1279 2591 bodie
1307 2524 1438 2588 omnino
1462 2544 1523 2588 non

397 2633 503 2691 exstat
527 2632 567 2704 et,
592 2644 662 2688 cum
678 2645 698 2687 a
713 2623 867 2688 Fauvelio
889 2623 1163 2703 transcriberetur,
1185 2623 1232 2687 ita
1246 2622 1436 2687 obliteratus
1458 2620 1522 2703 fuit,

398 2729 432 2786 nt
463 2722 660 2803 singulorum
693 2721 922 2787 vocabulorum
951 2722 1123 2804 scriptura,
1157 2719 1263 2802 qualis
1290 2720 1324 2783 in
1354 2719 1423 2785 eius
1452 2738 1524 2801 apo·

396 2819 519 2902 grapho
548 2816 667 2882 tradita
691 2825 754 2899 est,
785 2819 905 2883 nullius
933 2819 1000 2884 fere
1023 2819 1064 2884 sit
1085 2817 1248 2883 momenti.
1292 2817 1523 2883 altercantem

395 2917 466 2981 loco
496 2916 607 2998 negari
639 2936 704 2979 non
733 2921 838 2997 potest
869 2918 894 2980 Ε
923 2916 1061 2999 positam
1091 2934 1161 2981 esse
1190 2936 1247 2998 pro
1270 2939 1301 2979 ει
1324 2906 1522 2998 diphthongo

397 3034 438 3080 ex
462 3038 474 3077 ι
496 3014 590 3078 tacta.
635 3011 721 3094 quod
744 3032 781 3077 eo
809 3014 944 3079 fortasse
971 3020 1155 3091 excusatur,
1185 3011 1286 3094 quod,
1316 3032 1388 3077 cum
1419 3010 1523 3095 primi-

396 3112 491 3194 genia
513 3110 730 3195 pronuntiatio
753 3110 846 3175 huius
861 3111 1008 3175 vocabuli
1027 3110 1168 3192 volgaris
1183 3109 1339 3176 sermonis
1358 3097 1523 3174 c'onsnetu·

398 3210 473 3276 dine
496 3216 645 3292 corrupta
667 3214 765 3289 esset,
796 3208 901 3273 minus
923 3215 1008 3273 certo
1032 3209 1084 3273 vel
1109 3206 1226 3272 iudicio
1249 3209 1302 3272 vel
1324 3226 1423 3271 sensu
1446 3205 1523 3289 lapi-

397 3308 470 3373 cida
492 3307 648 3373 utebatur,
688 3306 720 3369 in
744 3306 815 3390 ipsa
837 3313 945 3371 autem
968 3304 1227 3389 pronuntiatione
1250 3328 1262 3367 ι
1283 3304 1406 3369 vocalis
1429 3304 1473 3371 ad
1495 3326 1523 3367 ει

398 3404 632 3486 diphthongum
656 3402 854 3468 traducenda
869 3403 1068 3486 aliquantum
1084 3403 1224 3468 valuisse
1241 3421 1313 3467 eam
1328 3401 1522 3483 analogiam,

396 3512 493 3581 quam
522 3497 641 3577 μείζων
671 3500 773 3565 forma
802 3501 1012 3584 comparativi
1035 3501 1148 3567 similis
1177 3498 1308 3581 originis
1336 3499 1521 3581 praebebat,

396 3616 590 3677 quamquam
614 3597 674 3661 hoc
695 3597 741 3661 ita
763 3597 830 3664 fieri
853 3599 995 3682 potuisse
1017 3618 1083 3661 non
1105 3616 1197 3680 nego,
1222 3603 1329 3660 tamen
1348 3601 1383 3659 ut
1405 3603 1522 3662 certum

398 3714 462 3757 non
485 3693 719 3759 affirmaverim.

469 3897 498 3957 19)
522 3893 641 3957 Ionioam
660 3894 720 3947 dico
738 3894 809 3948 hauc
827 3894 1046 3963 productionem,
1072 3908 1235 3963 quamquam
1259 3907 1313 3946 non
1330 3892 1425 3958 ignoro
1444 3893 1522 3947 etiam

394 3974 422 4029 in
445 3975 563 4029 Aeohcis
586 3978 613 4028 et
635 3974 742 4029 Doricis
767 3975 889 4029 dialectis
913 3976 1077 4044 ipsumhoc
1099 3974 1260 4030 vocabulum
1282 3972 1376 4024 finan
1402 3973 1522 4027 similiter

395 4062 527 4109 mutatum
552 4070 619 4110 esse.
663 4054 858 4122 sedquoniam
882 4055 1003 4122 singulae
1027 4056 1134 4111 dialecti
1158 4070 1207 4109 suo
1231 4052 1320 4106 Marte
1339 4070 1349 4103 ι
1366 4052 1395 4105 in
1413 4072 1437 4105 ει
1461 4068 1521 4122 pro-

395 4135 542 4200 duxerunt,
571 4136 599 4188 iu
624 4135 688 4188 Iade
712 4139 802 4188 autern
825 4134 995 4201 maximeque
1018 4136 1046 4188 in
1063 4135 1176 4189 Atthide
1199 4135 1278 4200 longe
1301 4133 1419 4200 plurima
1443 4134 1520 4187 huius

394 4217 550 4271 mutationis
573 4216 696 4283 exempla
720 4219 840 4278 exstant,
863 4231 918 4269 non
942 4216 1072 4270 immerito
1097 4214 1221 4270 cambis
1244 4212 1367 4268 dialectis
1385 4219 1521 4282 tamquam

396 4296 533 4361 propriam
550 4295 671 4349 tribuere
689 4310 770 4363 posse
789 4295 853 4347 mibi
870 4294 970 4349 uideor.
