3575 5334
388 703 421 757 de
438 702 591 758 nominibus
609 702 769 757 suffixorum
786 710 842 756 eat-
861 709 887 756 et
906 705 990 757 crino—
1009 720 1060 772 ope
1077 705 1208 761 formatis.
1305 704 1366 765 347

239 875 390 953 (Oorseen
414 876 429 939 I
441 879 461 955 2,
489 877 573 963 315).
618 876 705 939 lnter
730 875 900 959 provideas
922 884 953 941 et
978 877 1118 959 prudens
1139 896 1216 941 vero
1238 878 1298 941 hoc
1320 878 1367 941 in·

239 981 355 1049 terent,
386 972 471 1055 quod
498 971 579 1052 illud
610 979 772 1055 tamquam
802 974 914 1056 partic.
944 993 1049 1056 praee.
1080 974 1168 1039 verbi
1198 974 1368 1057 providere

239 1070 443 1149 adhibeatur,
468 1070 528 1133 hoc
550 1090 679 1152 prorsus
700 1070 853 1153 adjectivi
875 1077 1066 1153 potestatem
1085 1071 1239 1136 induerit.

248 1219 251 1224 .
327 1167 358 1230 2.
383 1166 600 1230 Substarttt'oa:
1187 1189 1190 1195 ·

328 1265 420 1327 datr:
454 1265 514 1329 hoo
542 1266 733 1330 vocabulum
763 1284 834 1331 esse
868 1266 996 1349 proprie
1030 1273 1111 1348 part.
1140 1285 1245 1349 praee.
1277 1265 1369 1331 verbi
1430 1296 1433 1299 ⁴

240 1363 335 1425 edere
359 1367 415 1444 (gr.
433 1359 511 1438 ἔδω)
534 1383 628 1429 nemo
644 1364 702 1429 init
723 1363 828 1446 priore
850 1371 1004 1446 tempore,
1028 1364 1081 1445 qui
1103 1371 1246 1446 negaret,
1270 1383 1367 1445 quum

240 1460 440 1524 conferretur
469 1479 538 1524 cum
573 1482 619 1543 gr.
651 1454 765 1524 ddovr-
802 1481 885 1524 nom.
919 1452 1030 1537 ὁδούς,
1069 1462 1110 1527 de
1139 1461 1229 1544 cujus
1264 1460 1367 1525 forma

241 1557 325 1621 aeol.
365 1554 492 1633 ἔδοντες
527 1558 565 1622 cl.
596 1559 738 1637 Amans,
776 1558 851 1622 dial.
881 1559 963 1623 aeol.
999 1581 1030 1642 p.
1050 1564 1110 1626 80:
1150 1560 1259 1641 itaque
1294 1559 1368 1622 dens

241 1674 307 1737 pro*
338 1653 440 1718 edens,
494 1654 596 1733 Quam
633 1656 860 1739 etymologiam
894 1657 948 1738 qui
982 1657 1015 1721 in
1051 1657 1282 1723 dubitationem
1314 1676 1368 1722 vo·

241 1753 344 1834 eavit,
374 1742 495 1835 primns
516 1753 575 1817 fuit
597 1754 782 1819 Schleieher
803 1773 906 1835 comp.
934 1774 965 1836 p.
988 1759 1025 1819 61
1042 1760 1066 1830 ¹,
1092 1754 1193 1834 763).ἱ
1218 1756 1297 1819 Eum
1321 1775 1369 1821 ee·

240 1850 305 1914 enti
328 1856 402 1914 sunt
416 1851 491 1915 Max
509 1851 624 1916 Mulier
646 1852 737 1923 (vorl.
754 1851 796 1930 11,
813 1854 896 1931 262),
913 1841 1006 1934 Hugo
1022 1853 1139 1918 Weber
1154 1854 1211 1917 KZ
1227 1854 1268 1933 X,
1283 1857 1367 1929 244).

240 1947 302 2011 Ille
325 1948 411 2012 enim
430 1968 448 2012 e
470 1967 628 2012 consensu
650 1949 829 2028 linguarum
853 1953 922 2026 (eor.
947 1949 1118 2021 doct-ao,
1143 1950 1191 2014 zd.
1216 1952 1366 2026 clarit-on,

241 2045 298 2108 lat.
315 2044 453 2121 dealt)-r‚
476 2053 540 2127 got.
558 2045 720 2124 taath-oc,
743 2044 852 2110 theod.
870 2046 960 2117 zorad,
977 2046 1068 2118 zolro,
1092 2048 1204 2111 lituan.
1224 2048 1366 2118 dant-ic,

229 2177 283 2199 .--
307 2162 353 2221 gr.
378 2135 487 2220 ὀδοὺς)
515 2142 650 2208 formam
673 2142 768 2225 hujus
790 2144 938 2209 vocabuli
960 2144 1254 2225 indogermanieam
1278 2145 1370 2208 ‹la-nt

242 2239 343 2306 luisse
365 2260 385 2304 a
407 2240 467 2305 rad
490 2240 531 2304 do
554 2240 734 2322 (dividere),
757 2260 862 2322 graec.
885 2247 992 2306 autem
1017 2238 1129 2305 ddovr-
1151 2243 1255 2307 vocali
1278 2262 1369 2325 prae·

243 2337 351 2419 posita
372 2337 514 2403 indidem
531 2359 602 2404 esse
619 2337 806 2417 deductam3
830 2358 899 2403 voc.
916 2339 1045 2415 ἔδοντες
1067 2340 1100 2417 (i.
1117 2360 1144 2405 e.
1168 2339 1243 2416 „die
1258 2358 1368 2419 essen-

243 2434 341 2512 dan“)
371 2435 496 2519 politice
526 2443 647 2500 tantum
678 2456 735 2518 pro
766 2429 899 2512 ὀδόντες
921 2457 1000 2502 voce
1028 2443 1215 2520 usurpatum
1244 2437 1370 2519 conjec-

240 2532 334 2597 tavit
377 2532 532 2610 Quamvis
554 2533 679 2599 Curtius
708 2533 851 2615 (grundz.
881 2555 912 2617 p.
936 2537 1020 2600 243⁴
1043 2539 1107 2616 aq.)
1126 2536 1276 2617 exempla
1303 2535 1370 2600 alia

241 2630 420 2711 protulerit,
444 2632 559 2711 quibua
575 2632 732 2711 originem
747 2634 881 2697 alteram
904 2632 1007 2697 arad.
1031 2632 1074 2694 cd
1094 2632 1220 2697 ductam
1244 2633 1369 2715 probet,

239 2734 350 2792 tamen
366 2748 448 2809 quae
463 2728 646 2794 Schleiaher
661 2736 694 2794 et
708 2730 763 2794 alii
780 2730 981 2813 protulerunt
994 2728 1135 2795 nondum
1148 2730 1288 2795 refutata
1299 2750 1370 2797 esse

241 2824 320 2889 mihi
333 2824 492 2890 videntur.
528 2826 618 2905 Quae
631 2847 725 2908 quum
741 2827 787 2891 ita
799 2829 872 2908 sint,
888 2828 922 2892 in
938 2828 1028 2910 eujus
1043 2829 1235 2893 sententiam
1250 2829 1370 2894 abenn-

241 2922 319 2987 dum
335 2923 376 2987 ait
391 2924 512 2989 dubito.
551 2924 719 3006 Utcunque
741 2945 792 2990 res
818 2945 853 2991 ee
876 2926 989 3003 habet,
1013 2926 1046 2989 in
1070 2945 1107 2990 eo
1130 2945 1241 2990 omnes
1256 2945 1371 2991 conve·

241 3021 344 3102 munt,
371 3021 456 3103 quod
478 3041 547 3087 roo.
570 3022 645 3084 deos
666 3022 708 3086 ab
731 3022 822 3088 initio
844 3023 1047 3105 participium
1070 3022 1172 3087 luerit.
1313 3099 1319 3117 .

325 3138 459 3202 pareas:
495 3120 556 3184 hoo
583 3120 774 3184 vocabulum
801 3140 871 3185 esse
899 3126 980 3201 part.
1007 3139 1112 3201 praes.
1139 3120 1229 3184 verbi
1254 3126 1370 3203 partae

240 3220 369 3298 (praee,
387 3219 504 3300 pario),
529 3224 564 3281 ut
589 3218 740 3300 seriptum
762 3217 924 3283 inveneris
946 3217 979 3280 in
1006 3216 1130 3297 lexicis,
1153 3236 1217 3279 non
1240 3236 1370 3298 prorsus

222 3332 353 3379 ¹rerum
376 3321 442 3378 est..
468 3333 543 3378 nam
566 3314 657 3379 verbi
677 3317 770 3398 pario
794 3322 876 3399 part.
900 3315 1110 3397 corporane.
1154 3314 1252 3378 Recte
1275 3314 1371 3397 igitur

241 3409 370 3476 Curtius
408 3411 462 3488 (de
496 3412 605 3475 aoristi
642 3412 735 3478 latini
764 3413 908 3495 reliqniis
937 3413 971 3475 in
1008 3412 1170 3494 prooemio
1206 3412 1273 3476 ind.
1304 3411 1396 3476 Kil.'

245 3510 395 3590 morsos,
429 3508 544 3573 iterum
572 3511 659 3591 typis
688 3531 874 3593 expressum
903 3511 937 3574 in
965 3508 1049 3574 stud.
1073 3509 1111 3589 V,
1141 3530 1172 3592 p.
1196 3513 1258 3574 439
1279 3515 1371 3592 eqo),

239 3615 389 3687 parentes
417 3606 460 3670 ad
488 3606 615 3687 coristi,
650 3627 744 3688 quem
773 3610 951 3692 simplicem
981 3614 1091 3684 vocat,
1124 3608 1276 3690 reliquias
1302 3627 1372 3690 per-

242 3703 346 3767 tinere
368 3703 514 3785 conjecit.
559 3704 660 3785 Cujus
683 3704 915 3787 significatione
937 3704 1084 3770 adhibita
1109 3715 1258 3789 paratam
1282 3712 1371 3769 sunt:
1415 3713 1417 3717 '

242 3798 297 3880 qui
331 3808 525 3881 pepererunt
557 3806 614 3883 (gr.
646 3801 677 3865 ot
711 3800 888 3882 πορόντες,
914 3802 954 3868 ,οἱ
989 3801 1163 3880 traderes),
1198 3822 1279 3866 non:
1318 3801 1371 3884 qni

242 3896 375 3977 pariunt
398 3901 455 3977 (gr.
479 3896 511 3961 οἱ
533 3903 718 3975 viatorem).

331 3994 444 4055 cliens:
466 3996 595 4077 proprie
618 3998 741 4078 estqui
764 4017 799 4062 se
821 3996 863 4061 ad
887 3998 1098 4079 potentiorem
1121 3998 1272 4081 applicat,
1294 3998 1372 4061 item

244 4090 298 4171 qni
314 4109 455 4172 causam,
479 4111 573 4173 quam
589 4093 623 4157 in
642 4093 764 4176 judicio
779 4093 886 4176 habet,
911 4095 1008 4160 alicui
1025 4094 1178 4163 tuendam
1196 4094 1373 4158 committit·

244 4186 337 4266 Quae
365 4207 425 4270 ego
455 4189 583 4272 quidem
614 4190 654 4257 de
683 4192 777 4274 hujus
800 4191 949 4257 vocabuli
979 4192 1101 4275 origine
1130 4211 1261 4271 censeo,
1292 4192 1372 4257 haee

245 4288 336 4349 sunt:
370 4285 474 4368 Stirps
496 4294 545 4352 est
567 4289 615 4349 elo
638 4295 732 4369 (quae
755 4290 912 4372 reperitur
934 4290 1036 4370 ingr.
1059 4285 1187 4366 κλύ-ω,
1213 4286 1369 4366 ato-ada
