3575 5334
395 716 599 776 de'nominibus
618 717 777 771 suffixorum
795 723 851 772 emt-
870 723 897 771 et
914 717 998 771 ritino·
1017 732 1069 785 ope
1086 717 1217 771 formatis.
1305 714 1367 775 379

329 889 420 968 Quae
441 910 494 955 res
510 910 546 955 eo
562 889 773 970 confirmatur,
797 889 883 973 quod
898 889 983 955 illius
1001 896 1082 972 part.
1097 888 1182 954 med.
1198 890 1254 954 lat.
1270 890 1366 955 etiam

241 988 344 1054 forma
372 987 543 1069 singularis
570 989 726 1071 reperitur
753 988 787 1051 in
816 988 1015 1070 imperativis
1044 986 1251 1070 quibusdam,
1288 1007 1367 1070 quos
1404 1074 1406 1079 Ι

243 1104 285 1151 ex
302 1085 594 1167 antiquissimarum
616 1086 780 1151 literarum
803 1086 1017 1152 monumentis
1039 1085 1283 1167 diligentissime
1305 1086 1369 1150 col·

242 1184 342 1248 lectos
363 1182 526 1248 inveneris
543 1183 629 1267 apud
647 1184 792 1263 Nauium,
815 1183 962 1250 formenl.
978 1184 1037 1262 11²,
1053 1203 1084 1265 p.
1101 1185 1179 1266 3993
1203 1183 1366 1257 lutetiam

243 1279 393 1345 Oorsseni
416 1280 491 1344 krit.
515 1280 606 1345 beitr.
629 1301 660 1363 p.
681 1284 742 1345 492
759 1284 856 1364 sqq.):
879 1282 1095 1352 oblectamina,
1119 1279 1258 1362 samriro,
1282 1281 1367 1343 orbi-

241 1380 378 1440 trumino
401 1379 454 1458 al,
489 1398 621 1460 quorum
649 1379 830 1445 terminatio
858 1379 958 1441 mimo·
986 1379 1132 1460 congruit
1160 1398 1231 1444 oum
1259 1398 1366 1461 graec.

241 1494 288 1556 og.
311 1496 426 1554 pravo-g
449 1477 511 1552 (De
532 1477 657 1559 priscae
679 1475 848 1541 latinitatis
862 1498 878 1537 s
893 1475 1047 1540 nominat.
1069 1475 1244 1557 abjector.
1261 1495 1367 1543 exem·

242 1573 298 1655 pla
320 1571 407 1653 apud
430 1573 621 1639 Gorssenum
644 1575 685 1655 1²,
709 1594 740 1657 p.
764 1577 848 1648 286).
895 1573 1063 1638 Dubitanti
1084 1593 1161 1639 vero
1183 1573 1290 1656 alicui,
1313 1575 1368 1657 qui

241 1667 309 1734 fieri
331 1671 477 1753 potuerit,
501 1676 535 1734 ut
558 1671 760 1754 participium
783 1691 840 1753 pro
862 1671 1052 1754 imperativo
1067 1679 1245 1755 usurpetur,
1269 1671 1368 1737 elin·

241 1786 315 1849 gua,
340 1786 402 1849 qua
417 1788 475 1833 nos
491 1770 617 1849 utimur,
640 1768 826 1851 germanica
840 1767 900 1833 has
915 1769 1093 1834 sententias
1109 1770 1257 1835 afferam:
1280 1769 1368 1847 ,auf-

242 1866 422 1948 gepasstl“,
451 1866 548 1942 ,aoht
568 1866 762 1948 gegeben!“,
792 1866 879 1943 „still
902 1866 1120 1947 gestandent“
1147 1867 1264 1947 quibus
1294 1887 1367 1950 pro·

242 1962 316 2028 latis
344 1983 409 2026 non
437 1963 543 2027 minus
570 1962 665 2030 facile
693 1962 774 2027 illud
809 1982 865 2039 ,es
894 1961 1024 2027 werde“
1054 1970 1161 2028 mente
1191 1965 1367 2047 suppletur,

241 2079 338 2141 quam
361 2080 394 2121 ec
416 2060 469 2125 vel
491 2069 556 2122 este
576 2061 610 2124 in
633 2060 810 2143 participiis
831 2059 991 2136 latinis³²l

328 2157 399 2235 Quo
428 2157 541 2223 suffixo
567 2178 663 2248 quum
685 2158 730 2222 uti
753 2158 995 2223 consuevissent
1015 2156 1151 2221 Romani
1173 2156 1206 2221 in
1230 2161 1259 2221 2.
1282 2178 1365 2240 pers.

242 2256 285 2338 pl.
300 2274 405 2337 praes.
420 2254 596 2320 indicativo
612 2262 644 2321 et
660 2255 849 2339 imperativo
872 2254 993 2338 passivi
1013 2254 1197 2335 formandis,
1220 2254 1254 2318 id
1269 2254 1367 2321 etiam

241 2352 273 2416 in
303 2359 411 2418 cetera
438 2359 583 2435 tempora
611 2352 653 2416 ad
681 2354 860 2435 praesentis
888 2353 1019 2435 stirpem
1049 2350 1244 2434 pertinentia
1271 2352 1367 2435 hujus

241 2448 347 2515 suffixi
381 2451 413 2513 vi
441 2451 583 2532 genuina
617 2451 780 2532 neglecta,
815 2469 870 2515 eos
901 2449 1103 2529 adhibuisse,
1138 2447 1208 2530 quis
1237 2456 1285 2516 est
1312 2451 1367 2533 qui

241 2548 382 2612 miretur.
425 2548 479 2613 Sic
501 2554 579 2612 nata
601 2555 690 2613 sunt:
1362 2566 1364 2569 ’

325 2664 432 2728 praes.
448 2644 532 2727 conj.
546 2644 715 2727 feramini,
739 2644 827 2727 impl.
843 2643 909 2709 ind.
924 2643 1129 2727 serebomim',
1153 2642 1236 2725 conj.
1251 2643 1368 2727 serre-

240 2744 332 2816 mz'm‘,
361 2742 418 2806 fut.
449 2743 552 2825 simpl.
578 2741 748 2825 feramini,
773 2741 967 2815 amabimini,
991 2742 1032 2806 de
1061 2741 1177 2824 quibus
1206 2762 1237 2807 v.
1268 2741 1367 2808 Curtii

240 2840 596 2906 commentatiunculam
619 2860 644 2904 s.
668 2847 689 2905 t.
718 2840 996 2917 „lortwucbernde
1022 2838 1192 2921 analogie“
1220 2839 1253 2903 in
1283 2840 1368 2905 stud.

240 2937 305 3003 vol.
328 2938 367 3018 V,
393 2958 425 3019 p.
448 2940 509 3000 242
525 2957 571 3018 sq.

325 3034 394 3099 Sed
415 3040 450 3097 ut
472 3032 619 3099 suffixum
643 3045 708 3096 crat·
731 3056 796 3099 non
818 3035 922 3101 solum
945 3038 976 3098 in
1000 3034 1078 3116 ipsis
1100 3032 1286 3116 participiis,
1309 3032 1368 3099 sed

241 3132 338 3197 etiam
361 3132 395 3195 in
418 3130 601 3195 nominibus
621 3131 859 3214 participiorum
875 3132 1014 3214 speciem
1036 3150 1115 3214 prae
1136 3150 1171 3196 se
1193 3129 1368 3196 ferentibus

242 3235 428 3312 usurpatum
458 3227 628 3311 reperitur,
660 3229 705 3294 sic
732 3230 895 3294 nominum
926 3228 1097 3293 latinorum
1125 3225 1239 3293 suffixo
1269 3227 1368 3289 mmo·

241 3326 448 3391 formatorum
465 3326 589 3407 copiam
605 3325 692 3389 baud
715 3345 848 3410 parvam
863 3325 1035 3406 inveneris,
1058 3344 1141 3407 quae
1156 3324 1246 3406 quasi
1269 3323 1368 3388 medii

242 3426 293 3490 vel
317 3424 437 3506 passivi
461 3423 699 3505 participiorum
721 3423 878 3505 reliquiae
900 3430 1131 3489 remanserunt.

328 3522 461 3602 Linguis
490 3528 522 3584 et
548 3539 684 3601 graecae
705 3528 739 3587 et
760 3520 881 3585 latinae
911 3540 1078 3585 commune
1100 3526 1163 3602 est,
1193 3517 1279 3601 quod
1308 3520 1369 3583 hoc

242 3615 390 3684 suffixum
423 3617 456 3681 in
489 3617 659 3682 verborum
692 3617 881 3683 formatione
909 3638 1006 3682 unam
1034 3617 1124 3682 illam
1155 3616 1287 3682 formam
1320 3635 1366 3698 gr.

242 3738 349 3795 μενο-,
378 3714 432 3779 lat.
456 3716 554 3777 mimo·
583 3713 739 3781 exhibens
761 3715 794 3779 in
817 3717 999 3782 nominibus
1028 3713 1186 3798 tingendis
1213 3733 1366 3796 magnam

242 3813 361 3895 speciei
389 3812 574 3878 varietatem
603 3812 767 3895 praebeat.
812 3812 883 3891 Qua
904 3814 938 3878 in
961 3833 995 3879 re
1016 3832 1058 3878 ue
1082 3820 1197 3896 postea
1218 3811 1291 3894 ipsa
1312 3832 1368 3877 no·

312 3994 346 4057 ³²)
372 3983 548 4060 Imperativos
570 3992 598 4045 in
623 3994 723 4046 -miuor
741 4007 757 4046 a
777 3992 958 4059 grammaticis
982 3992 1073 4046 latinis
1096 3991 1193 4047 allatos
1217 4005 1248 4044 re
1271 4005 1288 4044 a
1311 4005 1368 4045 ser·

243 4088 323 4127 mone
344 4072 429 4141 latino
448 4072 550 4127 alienos
574 4073 659 4128 luisse
681 4077 714 4139 (r.
732 4072 850 4140 Madvigi
874 4089 966 4140 opusc.
985 4073 1063 4129 acad.
1081 4073 1168 4126 altera
1190 4088 1217 4140 p.
1237 4075 1286 4124 239
1298 4079 1368 4139 sqq.)

243 4152 345 4207 iterum.
365 4157 447 4219 atque
470 4152 567 4206 iterum
590 4168 700 4208 monere
723 4168 810 4222 neque
833 4168 1062 4221 supervacaneum
1086 4168 1173 4221 neque
1196 4150 1291 4205 inutile
1309 4167 1368 4206 esse

244 4233 309 4287 mihi
334 4231 453 4300 videtur,
480 4248 541 4286 curn
568 4247 614 4287 eos
640 4234 720 4288 etiarn
746 4236 842 4289 nostra
869 4239 959 4287 aetate
984 4235 1011 4287 in
1037 4230 1219 4301 grammaticis
1239 4231 1267 4287 in
1288 4249 1368 4287 usum

243 4312 397 4367 scholarum
416 4312 494 4367 editis
511 4312 615 4381 legeris.
