3575 5334
429 669 491 731 424
944 674 1033 729 Cauer

499 848 544 910 ’2.
580 836 752 922 ἆπόπαξ
779 845 864 927 quod
893 845 1073 930 Hesychius
1108 864 1167 929 per
1199 836 1386 930 §opnor-15
1416 842 1544 926 σύμπαν

428 944 531 1024 vertit,
554 942 697 1025 alioquin
712 962 869 1025 nusquam
892 942 997 1008 adhuc
1011 948 1173 1025 repertum
1187 962 1259 1009 esse
1272 941 1410 1009 videtur.
1448 949 1547 1010 exstat

429 1040 463 1106 O.
479 1040 500 1105 i.
516 1042 553 1105 A.
577 1043 649 1121 286,
666 1052 682 1103 c
702 1039 736 1105 in
758 1040 870 1106 tabula
891 1039 1063 1105 admodum
1086 1039 1198 1105 mutila
1223 1039 1271 1104 Ol.
1293 1038 1336 1103 84
1360 1039 1544 1122 antiquiore,

428 1158 511 1221 quae
533 1137 689 1203 rationem
712 1137 869 1221 pecuniae
890 1137 925 1202 in
939 1138 1047 1219 aliquo
1070 1155 1168 1220 opere
1190 1136 1319 1220 publico
1338 1137 1545 1221 ‘consumptae

425 1236 620 1302 continebat.

512 1336 541 1398 3.
570 1328 770 1415 τριττόαν
791 1329 949 1413 βόαρχον,
973 1349 1055 1412 quae
1077 1335 1137 1412 5,s
1159 1328 1289 1414 dicitur,
1316 1331 1457 1399 eandem
1480 1352 1544 1400 esse

426 1438 524 1515 atque
565 1428 695 1512 τριττύο
737 1434 794 1495 aut
835 1425 989 1509 τριττύαο
1026 1424 1274 1510 βούπρωρονἺ
1302 1428 1545 1497 Lanormantim

426 1529 547 1611 primus
576 1527 753 1607 intellexit,
788 1526 841 1609 qni
870 1526 903 1589 in
932 1525 1154 1603 „Recherches
1182 1526 1323 1591 archeol.
1352 1530 1374 1591 a
1402 1528 1544 1595 Eleusis¹‘

430 1630 528 1706 1862,
557 1646 589 1707 p.
614 1628 654 1690 70
687 1644 718 1688 n.
750 1626 791 1686 25
819 1621 880 1687 hoc
906 1622 1121 1705 fragmentum
1149 1621 1259 1687 edidit.
1289 1627 1407 1706 534‚s
1435 1625 1544 1709 legitur

427 1720 594 1805 τρίττοιαν
608 1715 785 1806 β[όαρχοο].
825 1725 865 1785 et
878 1718 1013 1800 τριττόα
1035 1738 1077 1785 ex
1098 1716 1248 1802 τρίττοια
1268 1720 1497 1789 constrictione
1517 1745 1543 1787 οι

426 1818 617 1903 diphthongi
638 1817 755 1882 factum
779 1834 850 1882 esse
872 1836 970 1904 supra
997 1838 1029 1900 p.
1052 1820 1114 1881 275
1143 1816 1220 1881 dixi.
1264 1822 1414 1899 τρὶττοια
1443 1828 1542 1887 autem

426 1938 466 1984 ex
495 1915 670 1998 *rplrrvra
695 1914 805 1979 lonico
832 1933 926 1995 more
951 1914 1069 1980 lactum
1097 1933 1168 1981 esse
1195 1914 1300 1996 ipsum
1326 1934 1455 2000 quoque
1483 1918 1542 1983 11.

423 2016 487 2080 iam
511 2009 758 2079 commemoravi
786 2011 890 2075 allata
915 2000 1125 2078 'adnotatione
1146 2011 1360 2095 Lobeckii,
1391 2023 1542 2097 quaeest

424 2113 458 2177 in
487 2111 633 2190 „Pathol
657 2109 711 2177 Gr.
736 2107 850 2175 elem.“
873 2108 916 2190 11,
939 2130 971 2192 p.
994 2112 1046 2191 25,
1069 2121 1093 2171 o.
1137 2108 1320 2175 Lobeckius
1348 2113 1434 2179 enim
1465 2114 1542 2180 hano

425 2203 632 2275 mutationem
657 2213 689 2275 et
704 2204 860 2289 exemplis
882 2205 1057 2272 illustravit
1079 2214 1111 2273 et
1126 2208 1307 2275 testimonio
1323 2208 1540 2290 Choerobosci,

425 2306 479 2389 qui
495 2309 567 2387 832,
584 2318 615 2368 10
630 2304 722 2371 dicit:
744 2303 890 2387 τεοοφῦα
912 2303 968 2367 καὶ
989 2302 1031 2367 τὰ
1054 2297 1155 2383 ὅμοια
1177 2304 1210 2369 οἱ
1225 2301 1332 2383 Ἴωνες
1354 2305 1413 2373 διὰ
1434 2308 1493 2393 τῆς
1514 2329 1542 2372 οι

426 2404 566 2487 λέγουσι.
620 2403 684 2467 iam
716 2420 792 2467 vero
826 2420 910 2483 quae
942 2400 1026 2465 iuter
1057 2399 1188 2482 τριοτύς
1220 2410 1252 2470 et
1284 2402 1464 2487 *τρίττοια
1495 2406 1540 2473 vel

422 2498 558 2584 οριοτύα
580 2499 750 2566 intercedit
771 2498 853 2563 ratio
876 2517 934 2581 per
955 2517 991 2565 se
1012 2497 1154 2565 dilucida
1175 2507 1233 2566 cst.

507 2596 551 2661 ΙΙ.
584 2597 751 2679 Perpauca
774 2595 814 2661 de
843 2596 1153 2663 constructione
1175 2599 1389 2665 verborum
1412 2619 1540 2666 comme·

425 2692 581 2759 meranda
613 2699 702 2774 sunt,
740 2692 824 2775 qu'od
857 2698 988 2776 propter
1019 2693 1208 2760 brevitatem
1242 2702 1275 2762 et
1307 2696 1539 2780 simplicitatem

424 2789 632 2872 plurimarum
653 2789 897 2873 inscriptionum
920 2788 1033 2854 mirum
1056 2811 1119 2855 nun
1143 2800 1200 2857 est.

511 2891 536 2951 1.
574 2892 697 2952 constat
724 2886 1019 2970 anastrophen,
1053 2907 1136 2965 quae
1164 2887 1295 2971 dicitur,
1329 2892 1539 2975 praeposi·

423 2983 574 3049 tionum
597 2983 710 3049 Atticis
738 2984 945 3067 scriptoribus
974 3004 1089 3067 prosae
1117 2986 1270 3051 orationis
1297 2990 1540 3072 conplacuisse

421 3088 557 3163 excepta
579 3101 643 3145 una
665 3074 745 3161 περί
764 3080 1004 3163 praepositione
1026 3081 1075 3159 (cf.
1092 3081 1133 3147 K.
1148 3082 1198 3147 W.
1215 3082 1373 3167 Kruegeri
1396 3086 1539 3163 „Griech

414 3178 589 3260 ·Sprachl.“
610 3178 636 3255 1,
660 3180 690 3258 9,
707 3190 745 3259 11,
762 3189 786 3241 1.
822 3177 987 3244 Kuehneri
1009 3179 1120 3256 „Ausi
1137 3179 1322 3245 Gramm.“²
1344 3182 1389 3264 ΙΙ,
1412 3204 1444 3265 p.
1462 3187 1539 3259 481).

419 3275 509 3341 cuius
531 3295 607 3340 usus
628 3273 662 3338 in
685 3274 720 3339 6.
743 3275 764 3339 i.
787 3276 825 3340 A.
849 3296 947 3340 unum
969 3275 1073 3357 reperi
1096 3277 1289 3360 exemplum,
1312 3278 1391 3361 511),
1417 3292 1461 3345 ¹3:
1486 3280 1539 3344 roi

421 3372 569 3452 πολέμου
593 3368 681 3452 πέρι.

505 3471 535 3531 2.
567 3470 766 3534 attractio
788 3471 841 3535 vel
864 3470 1124 3535 assimulatie
1147 3472 1322 3537 accusativi
1343 3473 1538 3555 pronominis

419 3565 562 3643 relativi,
591 3584 673 3647 quae
694 3565 730 3631 fit
751 3564 794 3631 ad
816 3566 1000 3649 genetivum
1023 3574 1080 3641 aut
1102 3566 1244 3633 dativum
1267 3569 1467 3651 pronominis
1488 3569 1539 3638 ali-

419 3663 507 3729 cuius
531 3662 787 3742 demonstrativi,
817 3662 859 3728 ad
882 3664 967 3746 quod
989 3664 1070 3729 illud
1092 3665 1242 3747 refertur,
1264 3666 1476 3747 usitatissima
1496 3672 1539 3734 ost

487 3864 521 3927 23)
546 3880 570 3917 v.
589 3861 753 3917 Philemonis
776 3862 884 3918 lexicon
905 3865 1019 3931 (Osann)
1040 3882 1066 3934 p.
1088 3870 1148 3920 168:
1176 3864 1307 3933 rptrrriav
1324 3863 1420 3933 ἔλεγον
1442 3864 1493 3930 τὴν
1513 3864 1537 3919 ἐκ

421 3944 504 4008 τριῶν
522 3939 599 4001 ζώων
617 3943 727 4001 θυσίαν,
754 3931 813 3994 οἷον
832 3940 881 3995 δύο
899 3943 994 4013 μήλων
1016 3945 1062 3997 καὶ
1083 3943 1161 4012 βοός,
1186 3942 1223 4001 ὥς
1236 3942 1419 4015 Ἐπίχαρμος,
1444 3943 1537 4015 §coir

418 4019 463 4072 καὶ
481 4017 559 4089 αἰγὸς
575 4020 621 4073 καὶ
638 4021 792 4092 προβάτου,
816 4019 832 4087 ἢ
850 4024 958 4094 κάπρου
975 4026 1021 4077 καὶ
1037 4028 1116 4095 κριοῦ
1133 4023 1177 4077 καὶ
1196 4025 1307 4094 ταύρου.
1343 4020 1360 4089 ἡ
1379 4025 1535 4087 diraserint

417 4098 463 4151 καὶ
479 4098 648 4171 βούπρωρος,
667 4108 764 4171 φασιν»,
783 4100 886 4171 ἐλέγετο
910 4104 1005 4157 διὰτὸ
1024 4108 1207 4173 προηγεῖσθαι
1226 4101 1309 4170 αὐτῆς
1323 4095 1367 4157 οἶα
1385 4104 1450 4169 νηὸς
1467 4100 1536 4174 apoi-

387 4224 390 4230 .
418 4197 470 4246 ραν
495 4178 545 4231 τὸν
569 4184 644 4248 βοῦν.
681 4182 715 4237 cf.
741 4182 773 4237 G.
798 4184 842 4238 W.
867 4183 1001 4239 Nitzschii
1026 4186 1231 4241 adnotationum
1256 4186 1292 4240 ad
1318 4184 1465 4255 Odysseam
1489 4184 1533 4249 III,

417 4273 445 4325 p.
464 4262 511 4310 261
523 4274 562 4327 sq.
581 4261 625 4326 (ad
642 4262 657 4313 λ
677 4265 742 4327 131).
