3575 5334
636 706 668 761 de
686 706 801 762 dialecto
819 707 912 762 Attica
929 708 1083 762 uetustiore.
1117 707 1152 760 ΙΙ.
1390 704 1452 768 443

330 899 400 943 rum
432 879 523 944 nulla
562 886 768 944 monumenta
800 884 944 962 exstant,
984 880 1011 944 si
1043 859 1198 963 originem
1238 888 1270 947 et
1308 879 1454 946 naturam

330 975 528 1058 singularum
551 977 759 1042 dialectorum
783 975 963 1041 Ionicarum
986 996 1225 1061 comparamus,
1254 979 1296 1043 ab
1318 980 1380 1045 hac
1402 982 1455 1045 tri·

330 1073 504 1156 pertitione
531 1073 795 1156 proficiscendum
824 1081 881 1139 est.
927 1081 958 1140 et
983 1075 1091 1140 Atthis
1119 1076 1248 1158 quidem
1277 1077 1391 1159 quibus
1419 1078 1453 1142 in

330 1170 427 1235 rebus
455 1190 475 1233 a
503 1170 637 1253 pristino
666 1176 699 1236 et
727 1171 884 1236 communi
914 1177 999 1236 statu
1020 1171 1125 1238 minus
1153 1194 1248 1255 quam
1277 1174 1311 1238 in
1340 1174 1455 1241 ceteris

331 1267 548 1347 abhorruerit,
585 1269 827 1350 inscriptionum
861 1268 1154 1349 antiquissimarum
1193 1289 1255 1353 ope
1292 1290 1454 1355 exponere

331 1364 449 1430 studui.
499 1365 583 1429 hanc
618 1372 724 1432 autem
754 1386 847 1449 opem
876 1365 1049 1431 admodum
1082 1368 1231 1450 exiguam
1263 1368 1362 1433 fuisse
1389 1388 1454 1433 non

331 1462 432 1528 semei
455 1461 554 1528 dolui.
598 1465 718 1529 scilicet
739 1482 844 1545 neque
865 1462 950 1528 intra
972 1482 1027 1529 eos
1049 1462 1144 1547 fines,
1174 1466 1288 1547 quibus
1315 1466 1454 1549 primum

331 1560 481 1625 volumen
510 1561 650 1642 corporis
678 1560 921 1642 inscriptionum
949 1560 1125 1625 Atticarum
1154 1561 1348 1643 continetur,
1380 1582 1456 1644 quo·

331 1654 428 1721 modo
464 1676 567 1723 sermo
600 1658 723 1723 Atticus
765 1658 920 1740 paulatim
958 1664 1098 1723 mutatus
1140 1659 1195 1740 sit,
1239 1658 1317 1724 satis
1353 1660 1455 1740 largis

331 1754 489 1837 exemplis
515 1755 676 1820 illustrare
698 1754 802 1837 potui,
833 1757 894 1837 quo
920 1754 1125 1836 factumest,
1150 1762 1185 1821 ut
1208 1755 1248 1823 de
1270 1754 1376 1821 medio
1398 1757 1454 1821 iilo

332 1869 452 1933 genere
481 1852 575 1916 huius
597 1852 768 1933 sermonis,
799 1851 883 1933 quod
906 1859 1032 1919 veteres
1057 1854 1283 1935 grammaticos
1304 1854 1455 1921 statuisse

332 1967 430 2030 supra
453 1952 496 2031 (p.
520 1951 593 2026 227)
624 1948 884 2029 commemoravi,
914 1948 976 2014 hac
999 1948 1216 2034 disputatione
1244 1970 1356 2035 parurn
1379 1952 1456 2016 novi

332 2043 550 2127 didicerimus,
580 2049 684 2128 neque
706 2046 784 2110 mihi
806 2046 955 2128 contigit,
984 2052 1138 2131 utsupra
1159 2048 1234 2112 iilos
1259 2046 1340 2114 fines
1361 2050 1456 2114 ratio·
1512 2107 1514 2109 ,

332 2141 472 2206 cinando
500 2143 693 2226 regrederer.
743 2165 817 2209 nam
847 2143 908 2209 etsi
936 2143 1035 2224 tituli,
1070 2163 1148 2225 quos
1176 2144 1454 2227 perlustraveram,
1487 2177 1490 2183 ·

332 2238 385 2304 hic
412 2239 478 2304 illic
506 2247 631 2306 tantum
659 2240 738 2306 mihi
771 2239 1031 2325 suppeditarunt,
1065 2246 1100 2305 ut
1132 2240 1221 2307 falsis
1251 2241 1455 2324 opinionibus

331 2336 467 2401 aliorum
499 2338 645 2405 refutatis
679 2339 722 2404 ad
754 2339 915 2404 saniorem
954 2337 1148 2404 sententiam
1181 2339 1383 2404 statuendam
1416 2360 1456 2405 ac

331 2431 522 2499 firmandam
545 2435 666 2517 aliquid
686 2436 832 2501 conferre
852 2436 1020 2519 potuerim,
1041 2442 1151 2501 tamen
1172 2435 1276 2519 ipsam
1299 2437 1454 2519 originem

332 2529 462 2596 dialecti
484 2534 625 2614 Atticae,
655 2533 759 2615 qualis
783 2533 825 2597 ab
846 2532 938 2598 initio
959 2532 1069 2615 fuerit,
1091 2533 1138 2598 ita
1156 2554 1223 2599 non
1247 2534 1389 2600 tenebris
1412 2535 1457 2600 oi-

331 2626 410 2693 iusis
432 2627 631 2712 eripuerunt,
657 2638 693 2695 ut
714 2630 810 2695 totius
832 2630 927 2697 huius
949 2630 1182 2696 dissertationis
1204 2650 1360 2697 summam
1383 2651 1454 2723 eam

333 2726 518 2792 existimare
545 2727 696 2811 debeam,
732 2746 815 2809 quae
843 2727 948 2792 omnis
979 2727 1141 2793 humanae
1170 2727 1360 2811 cognitionis
1390 2749 1455 2795 non

332 2824 435 2905 magis
456 2823 648 2907 principium
671 2843 741 2890 esse
763 2825 845 2889 solet
867 2843 963 2906 quam
987 2825 1107 2891 exitus:
1131 2845 1196 2891 non
1217 2825 1327 2908 liquet.
