3575 5334
395 653 457 714 422
911 653 1000 707 Cauer

394 829 495 894 altero
516 828 587 892 loco
610 831 648 907 (c,
666 832 705 902 13)
727 825 829 891 literis
850 826 1035 890 minusculis
1056 827 1163 908 posuit
1181 824 1346 890 ἑνκαίαντι
1367 823 1514 889 eandem·

395 944 456 1005 que
492 924 682 1006 scripturam
719 924 814 989 etiam
850 922 884 985 iu
922 922 1183 987 adnotationibus
1216 922 1260 988 ad
1295 923 1356 987 has
1392 922 1514 987 tabulas

395 1021 439 1102 (I,
462 1026 514 1086 56.
538 1025 590 1098 57)
618 1021 746 1103 repetiit
773 1020 844 1085 sine
870 1020 939 1084 ulla
967 1019 1183 1101 explicatione
1211 1022 1244 1095 (l.
1267 1020 1290 1084 l.
1319 1041 1350 1102 p.
1375 1023 1426 1084 65.
1454 1022 1515 1093 78).

395 1137 456 1184 nec
483 1124 560 1201 puto
590 1118 745 1185 eiusmodi
773 1118 943 1197 aormtum,
973 1113 1117 1192 ἐνέκαια,
1146 1115 1213 1182 ullo
1242 1116 1337 1182 modo
1366 1114 1517 1199 explicari

396 1234 501 1298 posse.
545 1216 609 1280 imo
637 1235 713 1280 vero
741 1216 774 1279 in
803 1213 867 1279 fide
895 1213 1057 1277 titulorum
1079 1212 1347 1294 acquiescendum
1370 1219 1437 1294 est,
1467 1210 1518 1293 qui

397 1313 544 1394 quamvis
579 1333 712 1395 parvam
749 1311 969 1376 auctoritatem
1001 1310 1035 1374 in
1067 1310 1140 1375 aliis
1173 1310 1268 1375 rebus
1306 1309 1356 1385 (cf.
1390 1332 1423 1393 p.
1446 1312 1516 1385 238)

397 1410 555 1490 habeant,
592 1416 700 1475 tamen
733 1409 785 1473 hic
818 1407 1008 1473 documento
1041 1425 1112 1472 esse
1147 1411 1282 1490 possunt
1317 1406 1518 1490 participium

397 1507 507 1572 acuisti
535 1510 611 1582 κέας
638 1526 701 1571 non
734 1507 836 1571 solum
865 1504 953 1588 apud
981 1512 1094 1586 poetas
1121 1504 1244 1569 Atticos
1276 1503 1334 1570 sed
1363 1504 1460 1570 etiam
1488 1503 1520 1565 in

398 1604 524 1686 volgari
551 1621 698 1668 sermone
720 1602 963 1667 Atheniensium
992 1601 1026 1665 in
1051 1621 1109 1667 usu
1130 1601 1238 1666 fuisse.
1282 1621 1358 1666 uam
1380 1600 1520 1682 Aeschy-

398 1700 464 1780 lus,
488 1699 681 1782 Sophocles,
705 1697 892 1782 Euripides,
915 1698 1148 1781 Aristophanes
1170 1699 1304 1781 singulis
1326 1698 1422 1778 locis,
1445 1716 1521 1778 quos

398 1798 436 1861 R.
452 1794 644 1861 Kuehnerus
666 1794 804 1877 collegit,
828 1796 912 1859 hanc
930 1794 1065 1861 formam
1088 1803 1297 1878 usurparunt:
1322 1796 1435 1878 Agam.
1452 1796 1521 1859 849.

399 1893 449 1958 ΕΙ.
473 1895 545 1956 757.
577 1893 673 1957 Rhes.
697 1894 748 1956 97.
784 1893 858 1957 Pac.
885 1897 976 1958 1133.
1015 1892 1088 1957 ἔκεα
1116 1901 1218 1958 ortum
1247 1898 1296 1958 est
1317 1891 1406 1958 haud
1429 1889 1522 1955 dubie

401 2008 442 2055 ex
464 1987 541 2073 ἐ’κηα
562 2007 621 2072 per
642 1989 875 2073 correptionem
899 2014 917 2073 η
941 1990 1063 2055 vocalis
1086 2008 1125 2055 ea
1146 1990 1281 2069 ratione,
1307 2009 1403 2072 quam
1427 1988 1523 2070 Brug-

400 2106 524 2167 manus,
547 2085 639 2151 Stud.
663 2086 716 2169 IV,
746 2106 777 2169 p.
804 2091 862 2150 145
879 2106 946 2168 sqq.
977 2086 1010 2150 in
1039 2087 1112 2152 aliis
1141 2086 1306 2151 vocabulis
1328 2088 1417 2151 velut
1439 2083 1523 2168 *yps

400 2220 443 2229 -
464 2187 523 2265 γέα
544 2184 701 2268 exposuit.
746 2182 823 2266 ἔκηα
845 2188 962 2265 autem,
990 2183 1075 2266 quod
1097 2184 1307 2267 productione
1328 2182 1525 2267 suppletoria

402 2300 443 2347 ex
464 2278 639 2356 *inus-ua,
663 2278 813 2345 *inaura
837 2280 954 2346 lactum
978 2299 1050 2347 esse
1071 2281 1274 2364 Brugmauus
1297 2281 1318 2344 1.
1341 2281 1361 2344 l.
1390 2285 1447 2345 151
1473 2280 1524 2345 do·

402 2378 480 2458 cuit,
509 2397 575 2441 non
604 2378 664 2442 soli
687 2377 777 2460 epico
799 2379 938 2443 sermoni
964 2378 1185 2459 tribuendum,
1215 2384 1250 2441 ut
1271 2377 1367 2458 volgo
1390 2377 1440 2459 fit,
1469 2376 1525 2442 sed

402 2475 499 2540 etiam
522 2473 555 2538 in
578 2493 617 2539 ea
645 2480 738 2557 parte
767 2474 897 2540 dialecti
919 2473 1064 2557 Ionicae,
1095 2495 1135 2540 ex
1157 2496 1221 2557 qua
1242 2475 1350 2540 Atthis
1377 2482 1447 2539 orta
1469 2481 1524 2552 est,

402 2576 529 2654 praeter
551 2568 672 2635 ἐ’καυσα
694 2571 892 2652 aliquamdiu
916 2579 1078 2637 servatum
1100 2592 1171 2639 esse
1197 2571 1447 2638 existimandum
1470 2578 1525 2636 est.

404 2666 490 2749 quod
518 2667 545 2731 si
574 2668 644 2748 quis
672 2668 705 2731 in
732 2667 850 2733 tabulis
879 2671 941 2733 324
969 2690 999 2733 a.
1029 2689 1047 2733 c
1076 2668 1224 2755 ἑνκῄαντι
1252 2689 1346 2751 quam
1382 2665 1526 2733 ἑνκέαντι

405 2763 544 2829 scribere
572 2763 677 2845 malit,
710 2773 821 2829 contra
853 2785 926 2831 eum
955 2765 1074 2832 iaciant
1101 2773 1133 2832 et
1161 2768 1335 2832 auctoritas
1360 2773 1526 2848 poetarum

405 2860 603 2927 scenicorum
630 2865 662 2925 et
690 2861 886 2927 consuetudo
919 2862 1047 2928 dialecti
1076 2864 1216 2945 Atticae,
1251 2864 1371 2947 quippe
1399 2881 1483 2944 quae
1508 2886 1526 2944 η

406 2956 614 3042 productione
646 2959 843 3041 suppletoria
878 2959 996 3025 iactam
1029 2967 1104 3025 ante
1140 2962 1269 3026 vocales
1303 2959 1370 3026 iere
1403 2978 1529 3042 semper

404 3056 439 3120 in
473 3078 489 3119 c
520 3054 716 3137 corripuerit.
761 3054 802 3121 de
838 3076 902 3138 qua
937 3077 972 3122 re
1008 3058 1047 3123 cf.
1084 3058 1319 3141 Brugmanum,
1357 3057 1449 3123 Stud.
1475 3058 1527 3139 lV,

406 3173 437 3236 p.
463 3154 639 3215 137-142.

492 3252 521 3313 6.
568 3246 718 3309 ΚΑΤΑΧ
742 3298 749 3313 .
772 3298 779 3313 .
804 3248 873 3311 ΝΤΙ
905 3253 1008 3330 3240,
1037 3262 1066 3311 et
1100 3258 1220 3332 exstat,
1254 3251 1308 3315 ubi
1343 3258 1529 3334 expectatur

406 3343 605 3422 καταξέοντι.
639 3352 671 3409 et
693 3346 738 3410 sic
759 3347 932 3429 lapicidam
955 3348 1095 3413 scribere
1117 3349 1256 3414 voluisse
1279 3355 1310 3413 et
1325 3349 1530 3431 Raugabeius

407 3442 445 3523 (I,
469 3462 500 3524 p.
524 3444 577 3518 77)
599 3447 631 3507 et
653 3441 867 3508 Kirchhoifius
889 3450 990 3531 putat,
1018 3445 1070 3527 qui
1092 3445 1194 3512 literis
1216 3443 1403 3511 minusculis
1426 3448 1530 3528 posuit

406 3542 674 3619 καταχ[σε(ο)]ντι.
719 3560 793 3603 nam
823 3560 893 3604 cum
916 3540 1050 3606 duarum
1074 3548 1199 3606 tantum
1225 3541 1530 3625 literarumlacuna

407 3637 457 3718 sit,
480 3636 542 3701 nisi
565 3637 636 3718 quis
657 3636 820 3701 insolitam
843 3638 1090 3703 contractionem
1113 3639 1265 3703 hocloco
1288 3644 1429 3709 statuere
1450 3641 1528 3720 vult,

408 3739 463 3797 aut
486 3755 501 3797 ε
523 3739 578 3797 aut
599 3754 617 3795 o
640 3732 734 3798 litera
762 3752 820 3816 per
841 3736 1079 3816 neglegentiam
1103 3734 1299 3817 quadratarii
1321 3737 1441 3802 omissa
1462 3755 1529 3802 esse

409 3827 624 3895 existimanda
652 3837 710 3895 cst.
754 3830 950 3913 Stephanius
972 3839 1094 3915 autem,
1121 3832 1174 3913 qui
1197 3832 1335 3909 „Annal
1359 3831 1436 3898 dell’
1458 3834 1529 3899 inst.

409 3925 517 3990 arch.“
546 3925 617 4006 XV,
649 3929 688 3990 38
720 3927 779 3992 has
808 3928 936 3993 tabulas
964 3928 1080 4011 edidit,
1114 3929 1217 4011 ipsam
1250 3930 1335 3993 hanc
1366 3930 1529 3995 insolitam

409 4022 656 4087 contractionem
689 4024 817 4105 probari
850 4046 945 4107 posse
978 4033 1066 4091 ratus
1099 4025 1262 4109 supplevit
1294 4028 1527 4105 καταχ[σοῦντι,

409 4118 429 4181 i.
454 4138 481 4184 e.
513 4117 841 4198 ΚΑΤΑΧ[ΣΟ]ΝΤΙ,
871 4141 964 4203 quem
994 4130 1121 4189 secutus
1149 4122 1429 4189 Weckleinius
1458 4123 1527 4188 Gur.

411 4234 460 4297 ep.
482 4218 523 4279 32
551 4217 701 4299 exempla
728 4217 841 4281 similis
869 4220 996 4300 generis
1022 4220 1095 4285 huic
1123 4221 1302 4286 sententiae
1324 4220 1528 4304 suppeditare
