3575 5334
723 641 726 645 ,
807 611 815 641 l

507 704 540 757 de
558 703 710 758 nominibus
729 703 887 758 suffixorum
906 710 962 758 eret·
980 709 1008 757 et
1025 706 1109 758 resino·
1127 720 1179 773 ope
1195 703 1326 760 formatis.
1423 701 1485 762 343

446 874 579 941 Accedit
615 874 657 939 ad
686 876 774 939 haec
795 875 954 939 vocabula
984 895 1055 939 curn
1090 876 1382 959 praepositionibus
1413 899 1487 944 con-

340 977 342 981 ”
355 976 470 1058 juncta
492 975 731 1059 participiorum
754 992 891 1055 magnus
913 993 1063 1039 numerus
1085 993 1155 1037 cum
1184 974 1233 1035 in·
1259 977 1410 1057 negativo
1433 979 1485 1043 vel

361 1074 522 1156 privativo
545 1078 602 1156 (gr.
621 1068 689 1148 cir-J
712 1071 963 1153 conjunctorum.
1004 1071 1185 1136 sciscitanti
1206 1079 1312 1137 autern
1336 1073 1413 1155 quid
1435 1075 1486 1151 sit,

360 1190 415 1235 cur
431 1172 512 1236 haec
527 1172 568 1236 ab
583 1172 649 1236 illis
666 1170 900 1253 segregaverim
923 1169 1004 1234 haec
1026 1169 1140 1247 habeo,
1164 1188 1246 1249 qnae
1261 1170 1485 1252 respondeam.

360 1267 438 1333 Cum
462 1269 570 1335 verbis
592 1264 676 1335 enim
700 1268 954 1351 praepositiones
977 1265 1115 1347 quidem,
1139 1267 1195 1333 sed
1218 1269 1271 1330 in·
1292 1268 1485 1351 privativum

359 1387 423 1431 non
441 1365 653 1449 conjungitur.
688 1366 722 1431 si
738 1367 834 1447 igitur
849 1364 1002 1442 incideris
1016 1364 1049 1428 in
1069 1365 1270 1447 vocabulum,
1287 1373 1322 1431 ut
1337 1369 1484 1450 exemplo

360 1470 448 1543 utar,
488 1466 667 1535 immerens,
708 1464 768 1528 hoc
806 1452 1009 1546 participium
1040 1481 1242 1544 nequaqnam
1275 1464 1318 1529 ad
1352 1466 1484 1529 verbum

344 1560 522 1641 quoddam
554 1560 744 1623 *immerere
774 1559 977 1627 referendum
1012 1559 1085 1633 erit,
1118 1559 1175 1624 sed
1208 1560 1403 1643 adjectivum
1437 1571 1486 1628 cst

322 1697 324 1704 ·
359 1677 397 1723 cx
428 1659 460 1719 in
490 1659 640 1741 negativo
675 1665 705 1723 et
740 1658 907 1742 participio
941 1656 1093 1740 adJ'cctivi
1125 1658 1197 1723 vice
1225 1658 1332 1724 functo
1364 1680 1485 1723 merens

330 1806 332 1811 .
359 1757 579 1839 compositum.
629 1755 732 1833 Quam
765 1776 831 1821 rem
860 1776 922 1820 non
955 1764 1075 1820 temere
1104 1774 1175 1820 esse
1203 1757 1379 1839 conjectam
1408 1758 1485 1824 inde

359 1853 567 1935 intellegitur,
591 1852 676 1934 quod
699 1855 780 1918 inter
803 1871 953 1935 magnum
977 1853 1087 1916 horum
1118 1853 1349 1935 adjectivorum
1377 1878 1485 1922 nume·

334 1966 425 2014 ‘rum
458 1970 498 2014 ne
529 1971 628 2014 unum
658 1950 786 2031 quidem
814 1951 997 2035 inveniatur
1019 1949 1150 2014 verbum
1175 1970 1244 2014 cum
1274 1953 1305 2013 in
1334 1956 1485 2036 negativo

358 2047 585 2128 compositum3
615 2068 689 2112 nam
713 2048 808 2112 Plinii
830 2047 912 2133 illud
936 2047 1061 2108 mdeeeo
1085 2066 1180 2127 quum
1208 2051 1306 2113 semel
1329 2050 1426 2132 idque
1451 2052 1484 2115 in

359 2144 505 2226 epistolis
528 2147 597 2219 llll,
617 2152 643 2225 t,
661 2150 695 2209 2:
719 2193 731 2221 ,‚
737 2145 874 2227 juvenes
893 2145 1028 2208 confusa
1042 2150 1074 2208 et
1089 2145 1216 2209 turbata
1231 2166 1295 2210 non
1310 2147 1485 2219 indecenffll

357 2241 493 2322 legatur,
517 2243 650 2307 consilio
666 2242 803 2324 quodam
819 2264 839 2306 a
855 2242 1008 2323 scriptore
1031 2239 1135 2305 fictum
1152 2243 1278 2308 videtur
1293 2264 1378 2328 esse3
1402 2246 1484 2310 illud

357 2357 433 2403 vcro
457 2339 636 2421 irnlr‘pnons,
666 2341 826 2422 indignari
848 2361 910 2402 non
935 2358 1005 2404 esse
1028 2339 1159 2402 verbum
1183 2360 1222 2405 ex
1246 2343 1276 2403 z‘n
1300 2349 1331 2407 et
1358 2343 1487 2425 dipnori

323 2476 324 2480 =
357 2443 477 2518 ortum,
507 2435 565 2501 sed
595 2437 834 2502 denominatum
864 2438 905 2501 ab
932 2438 1049 2519 adjeci.
1074 2437 1216 2519 indignos
1237 2441 1307 2520 quis
1335 2448 1398 2522 est,
1430 2442 1484 2523 qui

356 2539 463 2614 neget.
502 2534 674 2617 Participia
689 2535 785 2617 igitur
806 2534 863 2598 illa
878 2534 993 2616 collegi
1016 2533 1212 2616 collectaque
1234 2556 1328 2618 quum
1352 2540 1394 2604 ad
1417 2559 1484 2604 rem

356 2638 498 2695 nostram
521 2632 743 2696 illustrandam
767 2632 846 2696 nihil
869 2633 1011 2711 valeant,
1035 2651 1240 2700 enumerasse
1263 2636 1341 2701 satis
1363 2638 1484 2704 habeo:

443 2730 607 2807 incessuns,
624 2730 813 2801 incnnctuns,
837 2729 953 2811 insons,
969 2728 1117 2813 inficiens,
1140 2735 1313 2807 immerens,
1329 2736 1484 2813 innocens,

357 2828 487 2899 inciens,
512 2828 684 2939 inopinans,
707 2828 880 2911 impatiens,
897 2828 1056 2910 impipens,
1079 2829 1291 2911 impoenitens,
1314 2833 1485 2915 impudens,
1553 2840 1557 2846 '

358 2925 500 3000 insciens,
524 2924 679 3007 insipiens,
702 2923 846 2996 insolens,
870 2924 1042 3008 imperans,
1060 2927 1278 3009 intemperans,
1302 2930 1484 3006 intolerans
1534 2962 1536 2965 >

357 3021 562 3105 s'ntrcprduns,
586 3022 742 3093 inciderem·

444 3119 659 3230 incongruens,
683 3119 868 3191 inconinens,
892 3120 1108 3200 incompetens,
1127 3086 1355 3205 inconsequens,
1379 3124 1486 3185 incon-

356 3216 515 3292 siderons,
549 3217 771 3294 inconsonans,
801 3218 993 3286 inconstans,
1023 3216 1232 3292 incontinens,
1258 3219 1483 3292 inconveniens,

357 3312 536 3395 indiligens,
557 3313 756 3396 ineloquens,
779 3313 998 3399 inobsequens,
1027 3310 1243 3385 inobservans,
1272 3316 1485 3398 impertinens,

357 3412 553 3481 inreverens,
577 3408 779 3492 insufficiens.

443 3506 502 3571 His
519 3508 727 3588 praemonitis
750 3498 879 3591 singula
893 3506 1118 3589 aggrediamur
1141 3527 1179 3572 ac
1194 3508 1331 3591 primum
1355 3512 1484 3593 quidem

358 3623 565 3687 quaeramus:

402 3846 429 3906 l.
461 3840 773 3906 Denominibus
805 3842 853 3906 ad
888 3822 1101 3909 verborum
1134 3844 1440 3929 primitivorum

644 3937 870 4022 participia
903 3941 1201 4024 spectantibus.

443 4101 495 4166 Ne
510 4101 587 4184 quid
598 4101 687 4167 dubii
702 4102 909 4185 relinquatur
926 4108 1019 4172 certis
1034 4106 1150 4173 finibus
1161 4108 1482 4222 circumscribendum

358 4217 429 4265 csse
454 4197 552 4279 duco,
582 4198 622 4270 dc
645 4199 759 4281 quibus
781 4201 993 4268 nominibus
985 4224 1018 4267 ιιι
1039 4196 1109 4269 hac
1132 4205 1365 4271 dissertationis
1387 4208 1484 4328 parti·

358 4297 430 4362 cula
453 4301 567 4377 quaest
568 4294 674 4362 ionem
697 4296 898 4365 instituturus
920 4301 990 4365 sim
