3575 5334
421 701 482 763 428
940 705 1028 758 Cauer

420 898 461 945 ne
489 879 523 943 in
552 874 768 960 comparando
790 874 902 939 ladem
932 894 1003 940 cum
1031 875 1145 941 ceteris
1174 875 1321 955 dialectis
1344 876 1478 942 Graecis
1499 877 1541 941 ni-

419 976 517 1041 miam
532 973 752 1039 auctoritatem
767 972 961 1056 tribuamus3
984 972 1068 1055 quod
1092 979 1123 1038 et
1140 972 1279 1039 antehac
1293 973 1385 1038 multi
1402 973 1541 1040 fecerunt

420 1082 452 1140 et
473 1092 558 1139 nunc
578 1072 684 1137 faeere
705 1091 770 1135 non
793 1087 905 1135 omnes
927 1069 1006 1135 satis
1029 1068 1261 1136 dedidicerant.
1304 1071 1369 1136 iam
1393 1072 1421 1136 si
1444 1072 1542 1135 Atthi

420 1172 493 1237 dem
516 1175 713 1253 spectamus,
742 1167 776 1231 in
805 1186 844 1231 ea
866 1166 1027 1231 excultum
1049 1166 1130 1241 illud
1159 1174 1191 1233 et
1218 1168 1415 1250 perpolitum
1445 1187 1541 1251 genus

420 1267 547 1334 dicendi
576 1268 781 1348 scriptorum,
811 1283 944 1345 quorum
976 1262 1050 1327 libri
1072 1271 1216 1342 exstant,
1245 1265 1288 1330 ad
1313 1265 1540 1347 quaestionem,

419 1386 514 1448 quam
551 1363 719 1447 proposui,
765 1360 1013 1445 persolvendam
1051 1382 1164 1443 parum
1200 1362 1310 1428 valere
1345 1363 1412 1426 iam
1450 1381 1542 1446 supra

419 1468 461 1545 (p.
485 1466 559 1533 225)
589 1460 846 1525 commemoravi.
898 1477 980 1539 quae
1009 1476 1079 1522 cum
1113 1458 1159 1523 ita
1187 1468 1310 1538 essent,
1340 1461 1368 1525 si
1403 1460 1458 1541 qui
1487 1458 1541 1522 viri

326 1579 329 1585 ·
420 1560 504 1624 docti
537 1576 694 1623 conexum
728 1556 857 1621 lonicae
897 1562 930 1620 et
961 1555 1087 1621 Atticae
1126 1555 1335 1621 dialectorum
1374 1557 1541 1622 enucleare

418 1656 525 1724 conati
554 1659 661 1733 erant,
694 1651 870 1718 verendum
901 1659 984 1731 erat,
1020 1670 1062 1715 ne
1086 1644 1199 1716 'eorum
1228 1673 1326 1736 opera
1356 1654 1393 1718 in
1423 1654 1540 1718 irritum

419 1751 579 1817 ceciderit.
624 1751 708 1815 hano
736 1749 777 1813 ob
800 1767 930 1814 oausam
959 1748 1107 1830 equidem
1136 1748 1179 1813 ad
1208 1750 1434 1834 inscriptiones
1460 1758 1541 1817 vetu-

421 1850 533 1915 stiores
566 1846 711 1929 conlugi,
744 1865 820 1910 num
852 1865 934 1927 quae
963 1845 1008 1909 ibi
1038 1846 1268 1928 reperirentur,
1305 1867 1323 1913 e
1355 1848 1474 1930 quibus
1505 1848 1540 1911 de

421 1944 602 2028 primordiis
625 1943 767 2009 Atthidis
789 1940 913 2023 aliquid
941 1942 1020 2007 disci
1048 1950 1167 2026 posset.
1212 1962 1414 2026 quaequam
1443 1966 1541 2029 pauca

419 2043 545 2119 fuerint,
568 2042 630 2124 ipsi
645 2041 781 2106 vidistis.
817 2047 849 2104 et
870 2039 952 2105 haec
973 2038 1144 2106 difficultas
1167 2060 1205 2106 eo
1227 2048 1373 2123 augetur,
1396 2042 1484 2125 quod
1504 2062 1540 2108 ne

418 2140 549 2207 lonicae
587 2138 715 2220 quidem
750 2137 978 2219 inscriptiones
1013 2137 1164 2218 graviora
1196 2138 1341 2204 subsidia
1377 2142 1539 2224 praebent.

419 2257 493 2303 nam
528 2254 611 2318 quae
644 2236 840 2299 Firmanus
873 2233 975 2310 (stud.
1006 2234 1045 2311 V)
1077 2234 1140 2311 „de
1172 2235 1335 2300 titulorum
1362 2238 1539 2303 Ionicomm

419 2335 577 2399 dialecto“
600 2332 773 2413 diligenter
789 2331 919 2413 collegit
941 2338 974 2397 et
993 2332 1176 2411 illustravit,
1200 2352 1240 2398 ea
1260 2353 1326 2397 non
1348 2335 1454 2401 multa
1475 2353 1540 2401 esso

418 2439 450 2498 et
478 2430 617 2514 pusillae
646 2429 792 2493 utilitatis
820 2448 916 2494 nemo
943 2449 1008 2494 non
1041 2428 1210 2511 intellegit.
1260 2437 1369 2495 tamen
1399 2440 1478 2515 puto
1506 2450 1540 2497 ea

418 2530 551 2607 ratione,
576 2546 669 2609 quam
694 2532 821 2591 secutus
843 2545 922 2606 sum,
946 2525 1145 2607 aliquantum
1167 2524 1277 2608 profici
1305 2545 1412 2610 posse,
1436 2548 1540 2611 qnam·

419 2645 513 2708 quam
535 2624 724 2707 plerumque
740 2623 907 2702 eiusmodi,
930 2628 965 2686 ut
979 2624 1082 2705 magis
1098 2622 1233 2688 aliorum
1254 2623 1359 2690 falsae
1374 2626 1539 2710 opiniones

418 2722 605 2788 refellantur
638 2738 733 2799 quam
765 2739 871 2785 novae
904 2720 1038 2785 alicuius
1073 2720 1265 2802 cognitionis
1297 2720 1538 2788 fundamentum

417 2827 564 2902 ponatur.
1523 2881 1525 2884 ,

501 2920 534 2979 et
556 2920 682 2979 veteres
712 2913 839 2995 quidem
868 2913 1092 2996 grammaticos
1121 2912 1162 2979 de
1191 2922 1306 2980 natura
1333 2915 1538 2982 dialectorum
1571 2925 1573 2929 ‘

419 3012 612 3078 Graecarum
642 3030 756 3093 parum
784 3016 870 3077 recte
899 3011 1058 3075 iudicasse
1081 3010 1177 3075 etiam
1206 3011 1276 3078 sine
1297 3013 1538 3098 inscriptionum

417 3128 478 3193 ope
500 3108 646 3189 intellegi
667 3108 779 3191 potuit.
824 3114 960 3189 quatuor
988 3108 1073 3173 enim
1104 3106 1259 3173 dialectos
1279 3128 1384 3192 aequo
1407 3111 1478 3177 iure
1499 3112 1539 3176 ‹ii-

417 3204 635 3287 stinguebant,
658 3204 771 3286 quibus
793 3210 956 3287 tamquam
979 3224 1179 3270 communem
1199 3211 1334 3272 matrem
1356 3206 1416 3289 τὴν
1432 3206 1538 3289 κοινὴν

416 3303 606 3368 addebant.¹
641 3320 736 3382 quam
767 3303 961 3367 sententiam
978 3303 1191 3385 ‘apertissime
1223 3304 1357 3386 exponit
1385 3324 1539 3387 gramma-

416 3400 497 3465 ticus
511 3400 792 3465 Meermannianus
808 3400 952 3482 (Gregor.
965 3397 1036 3463 Oor.
1049 3399 1100 3465 ed.
1113 3399 1266 3465 Schaefer
1280 3421 1311 3483 p.
1324 3404 1414 3478 elil:
1431 3402 1538 3468 διάλε-

417 3518 489 3560 κτοι
511 3495 546 3559 δέ
562 3493 627 3559 εἰοι
642 3500 756 3560 πέντε·
784 3490 854 3572 lag,
875 3488 1004 3571 Ἀτθίς,
1026 3501 1148 3577 Δωρίς,
1171 3494 1295 3572 Αἰολὶς
1320 3500 1375 3562 καὶ
1391 3495 1536 3587 κοινή·ἡ

415 3588 476 3675 γᾶρ
493 3598 629 3676 πέμπτη
645 3592 732 3657 ἴδιον
748 3586 805 3657 οὐκ
821 3592 948 3673 ’έχονοα
956 3595 1144 3680 χαρακτῆρα
1161 3592 1254 3680 κοινὴ
1271 3587 1468 3682 ὠνομάσθη,
1492 3598 1537 3661 δι-

417 3688 469 3754 ότι
484 3689 518 3754 ἐκ
527 3688 647 3775 ταύτης
659 3685 814 3773 ἄρχονται
826 3692 943 3753 πᾶσαν.
968 3688 1109 3773 ληπτέον
1123 3690 1159 3756 δὲ
1169 3690 1289 3775 ταύτην
1301 3691 1361 3773 μὲν
1373 3687 1420 3769 ὦς
1432 3691 1537 3776 (πρὸς)

416 3784 552 3861 κανόνα,
568 3783 628 3862 ταὶς
644 3784 680 3851 δὲ
695 3785 817 3862 λοιπὰς
831 3786 917 3868 πρὸς
933 3784 1091 3868 ἰδιότητα.
1122 3807 1227 3870 neque
1241 3789 1336 3854 aliter
1350 3798 1407 3855 aut
1422 3792 1537 3874 Grego-

416 3883 480 3949 rius
499 3882 679 3949 Corinthius
696 3890 751 3948 aut
766 3885 1002 3967 grammaticus,
1026 3886 1215 3967 quicumque
1232 3884 1305 3965 fuit,
1329 3886 1536 3962 Leidensis¹⁶l

484 4124 517 4188 ²⁶)
535 4122 568 4177 de
585 4121 627 4178 his
645 4116 798 4178 nominibus
816 4142 840 4179 v.
855 4124 1000 4179 editionem
1017 4126 1142 4195 Gregorii
1154 4110 1286 4181 Corinthii
1303 4126 1364 4195 περὶ
1384 4125 1534 4192 διαλέκτων,

415 4216 495 4269 quam
513 4218 595 4271 supra
612 4203 732 4268 laudavi,
755 4218 772 4256 a
790 4204 900 4259 Godofr.
918 4205 1001 4259 Henr.
1020 4203 1166 4262 Schaefero
1185 4214 1369 4276 comparatam
1386 4210 1414 4261 et
1430 4208 1532 4272 Koenii,

415 4279 510 4347 Bastii,
527 4282 689 4338 Boissonadi
705 4282 777 4337 notis
796 4290 916 4351 auctam,
933 4286 1044 4354 Lipsiae
1064 4292 1137 4340 1811.
