3575 5334
559 702 592 760 de
609 704 725 761 dialecto
743 705 835 760 Attica
852 705 1007 760 vetustiore.
1042 705 1063 759 1.
1307 702 1370 765 279

245 878 423 961 spirantem
455 876 597 957 aliquam
630 875 706 940 olim
738 876 836 942 luisse
867 897 920 942 ars
953 875 1166 961 etymologica
1193 875 1307 943 doceat
1339 885 1372 943 et

245 974 377 1058 spiritus
405 980 516 1039 notam
544 979 673 1058 praeter
699 976 761 1038 324
790 974 857 1039 alia
885 993 1010 1056 quoque
1038 974 1152 1040 saltem
1174 994 1239 1039 una
1263 974 1373 1041 inscri-

244 1072 314 1156 ptio
336 1070 481 1138 additam
504 1071 666 1154 praebeat.

332 1215 363 1259 a.
407 1194 468 1259 hac
489 1194 585 1277 igitur
606 1193 732 1259 ratione
754 1193 940 1259 examinata
961 1192 1029 1258 eius
1051 1192 1267 1276 aspirationis,
1290 1212 1373 1276 quae

246 1312 294 1358 ex
316 1298 459 1357 vetere
481 1290 617 1372 aliquo
640 1297 708 1356 aut
731 1289 972 1373 digammate
990 1295 1059 1356 ant
1080 1290 1252 1371 sigmate
1274 1290 1371 1355 reli-

246 1409 323 1472 qua
345 1395 404 1467 est,
432 1388 513 1453 haec
534 1393 701 1454 remanent
722 1388 756 1451 in
778 1386 1038 1469 inscriptionibus
1060 1384 1173 1452 Atticis
1195 1386 1372 1453 vetustiori-

247 1486 307 1552 bus
330 1486 496 1569 exempla:

334 1602 510 1673 ἀκούσια
541 1606 606 1688 1Β,
633 1618 642 1667 1
672 1604 819 1673 0111001.
844 1610 894 1673 81.
938 1607 1000 1671 hoc
1026 1605 1216 1672 vocabulum
1245 1604 1370 1671 (lurtius

247 1707 293 1773 eis
315 1705 520 1787 adnumerat,
543 1704 578 1770 in
600 1724 682 1786 quae
703 1704 833 1786 spiritus
856 1723 952 1788 asper
973 1704 1148 1787 posteriore
1169 1709 1276 1770 aetate
1296 1704 1372 1771 irre·

247 1803 358 1888 pserit.
402 1801 459 1869 sed
482 1802 612 1868 Giesii
640 1802 800 1867 sententia
827 1802 906 1867 satis
934 1800 1110 1884 probabilis
1136 1801 1215 1866 mihi
1236 1801 1370 1882 videtur,

247 1902 301 1985 qui
325 1893 446 1965 cidaras
468 1899 501 1964 in
524 1893 611 1963 ἅκων
633 1898 791 1965 coaluisse
813 1904 916 1982 putat,
938 1898 1067 1976 „Ueber
1082 1897 1147 1964 den
1166 1899 1248 1966 aeol.
1266 1898 1372 1964 Dial.“

247 2019 277 2081 p.
303 2002 377 2062 401.
420 1996 495 2062 10111
524 1996 609 2062 enim
641 1996 841 2080 synaloephe
873 1994 1063 2078 praesertim
1090 1994 1126 2061 in
1155 1996 1277 2078 volgari
1309 2014 1373 2061 ser·

247 2115 344 2161 mone
365 2094 518 2159 facillime
540 2092 607 2159 fieri
630 2099 771 2176 poterat,
801 2110 860 2157 nec
888 2091 1024 2157 fortasse
1047 2090 1161 2169 ἑάλων,
1192 2092 1278 2175 quod
1299 2092 1373 2159 Gie-

247 2193 314 2259 sius
335 2191 445 2271 affert,
467 2192 561 2256 aliter
583 2188 809 2273 explicandum
833 2194 892 2253 est.

335 2284 456 2364 ἐλπίς
479 2291 551 2368 442,
574 2300 598 2352 8.
637 2286 677 2352 de
700 2284 858 2369 digammo
881 2305 912 2348 v.
935 2284 1047 2349 Grdz.3
1062 2288 1135 2351 248.
1165 2283 1203 2348 01.
1219 2284 1373 2367 Keilium,·

249 2385 367 2453 Sched.
390 2386 491 2468 epigr.
516 2387 545 2450 8.

335 2481 426 2564 ἕχον
458 2486 532 2563 166,
556 2492 579 2544 6.
621 2483 690 2562 170,
717 2493 741 2544 1.
785 2481 921 2560 rudiger
949 2482 1027 2561 479,
1050 2490 1073 2543 3.
1117 2478 1274 2544 accedunt
1294 2501 1374 2545 non-

248 2581 341 2646 nulla
375 2580 524 2663 exempla
557 2598 598 2644 cx
626 2580 699 2642 324.
742 2576 868 2642 Keilius
897 2576 918 2639 l.
946 2575 968 2640 l.
998 2574 1140 2640 Giesium
1169 2583 1295 2643 secutus
1328 2577 1373 2642 di-

247 2698 379 2762 gamma
401 2675 555 2759 originem
578 2675 708 2758 spiritus
730 2674 837 2757 asperi
858 2673 956 2738 fuisse
978 2679 1078 2755 putat.
1110 2672 1167 2740 sed
1191 2695 1211 2739 σ
1233 2680 1374 2742 statuen-

249 2775 323 2841 dam
348 2792 420 2839 esse
442 2773 536 2838 docet
558 2772 692 2853 Curtius,
717 2770 829 2837 Grdz.³
853 2774 913 2836 182
928 2789 975 2852 sq.

331 2865 481 2934 Ἱλισοῦ
515 2868 605 2951 2131,
638 2881 672 2931 16.
719 2867 759 2934 de
793 2867 955 2950 digammo
985 2886 1014 2930 v.
1044 2866 1156 2932 Grdz.³
1184 2870 1247 2933 384
1261 2889 1309 2951 sq.
1343 2877 1375 2936 et

248 2968 390 3036 Keilium
412 2968 434 3031 1.
456 2968 479 3031 l.
502 2987 532 3048 q.
1205 3041 1210 3050 ἱ

334 3064 420 3149 ἕνῃ,
458 3061 543 3145 quod
572 3060 697 3127 Curtius
729 3062 764 3126 in
796 3060 857 3126 hoc
885 3078 1017 3125 numero
1051 3058 1171 3141 posuit,
1206 3067 1376 3143 propterea

249 3162 359 3244 omisi,
390 3159 475 3244 quod
502 3160 583 3225 haec
611 3159 643 3223 in
666 3159 825 3224 communi
853 3174 1000 3223 sermone
1023 3156 1215 3221 Graecorum
1237 3156 1322 3221 iusta
1344 3165 1376 3223 et

250 3261 371 3327 usitata
392 3258 495 3324 forma
517 3256 585 3321 fuit.
616 3261 721 3322 exstat
743 3259 805 3321 324
813 3273 839 3335 0,
855 3266 894 3336 18,
921 3258 1088 3337 praeterea
1110 3248 1196 3327 ἕνοις
1218 3252 1374 3332 2781116.

250 3365 363 3424 contra
384 3354 469 3438 quod
491 3354 643 3437 scriptum
666 3360 715 3419 est
737 3350 790 3437 dap
817 3354 913 3431 189a,
939 3361 975 3430 12,
1002 3349 1036 3414 in
1059 3348 1215 3433 exemplis
1238 3350 1375 3417 omissae

251 3455 276 3516 Η
299 3455 415 3519 literae
437 3471 535 3535 supra
557 3448 812 3515 commemoravi.

338 3550 432 3616 omisi
469 3543 709 3630 ἐργάζομαι,
752 3545 899 3622 claein,
946 3539 1106 3626 Οἷνηΐς,
1150 3534 1374 3622 ὠνεῖσθαι,

251 3649 327 3732 quia
348 3647 449 3714 solius
471 3644 602 3710 tabulae
624 3646 686 3709 324
709 3644 869 3709 erroribus
896 3642 958 3708 hae
980 3640 1157 3723 scripturae
1180 3640 1332 3706 nituntur.

339 3770 370 3834 b.
414 3766 586 3852 spiritus
623 3784 744 3848 asper
780 3764 1010 3846 posteriore
1041 3769 1178 3829 aetate
1210 3761 1376 3828 additus

252 3876 301 3935 est
321 3867 356 3931 in
378 3864 429 3931 his
450 3863 631 3929 vocabulis:

330 3982 514 4069 (Ἄβδηρα
537 3988 609 4067 242,
631 3996 671 4048 20.
701 3979 795 4064 noodr
808 3976 954 4066 Ἄβδηρα
968 3984 1040 4061 256,
1062 3992 1103 4045 ³0.
1132 3974 1376 4064 παρ”Ἀβδηρα

253 4088 390 4168 22810.
426 4086 499 4165 230,
524 4081 575 4146 rab.
607 4084 748 4162 231,14.
782 4083 861 4161 235,
885 4090 936 4144 11⁰.
980 4078 1074 4144 huius
1101 4076 1257 4160 psiloseos
1285 4076 1376 4142 elisio

252 4182 377 4248 vocalis
398 4178 618 4246 antecedentis
640 4179 673 4242 in
696 4174 789 4259 παρά
817 4175 1055 4259 praepositione
1082 4174 1166 4240 facta
1188 4191 1286 4237 causa
1307 4172 1376 4237 luit.

253 4300 330 4345 nam
353 4297 411 4361 per
428 4297 464 4344 se
486 4276 581 4360 positi
597 4269 786 4357 Ἀβδηρῖται
809 4279 937 4358 praeter
957 4275 1029 4353 259,
1045 4283 1072 4333 m
1096 4288 1223 4353 semper
1244 4288 1302 4352 per
1318 4268 1377 4331 ΗΑ
