3575 5334
643 689 676 743 de
695 688 809 743 dialecto
828 688 983 743 herodotea.
1315 687 1374 750 189

247 865 399 931 omnibus
421 862 511 929 libris
534 864 700 943 traditum,
731 864 870 946 itemque
892 884 930 928 eo
954 863 1151 945 pertinerent
1175 861 1375 945 ὄανεώμεθα

247 965 295 1029 IV
318 966 357 1028 97
382 963 415 1050 In
440 958 539 1035 ABG,
572 958 754 1025 ὄννὲωνται
777 960 839 1023 VII
865 964 924 1025 163
953 960 987 1025 in
1009 960 1042 1022 R
1071 968 1216 1044 exstans,
1250 963 1277 1027 si
1299 983 1376 1030 vere

248 1061 426 1129 herodotea
447 1055 569 1141 e'ssent3
593 1058 649 1124 sed
673 1078 743 1123 oum
769 1056 923 1123 δύναιντο
946 1058 990 1122 VI
1006 1063 1057 1139 44,
1082 1056 1218 1146 δύνηται
1242 1061 1286 1124 VI
1306 1065 1374 1143 125,

248 1158 435 1241 δυνώμεθα
459 1157 537 1222 VIII
559 1160 628 1237 143,
653 1153 816 1220 δύνωνται
839 1157 888 1221 IX
907 1161 942 1220 11
968 1157 1037 1222 sim.
1061 1156 1281 1223 demonstrent
1303 1180 1376 1225 oon-

241 1259 425 1341 junotivum
457 1263 488 1322 et
516 1255 692 1339 optativum
723 1254 818 1336 hujus
845 1255 936 1319 verbi
964 1261 1145 1321 contractas
1170 1255 1287 1323 formas
1309 1278 1374 1323 non

247 1355 411 1437 habuisse,
435 1353 576 1420 Steinius
597 1357 685 1416 reete
707 1351 791 1434 feeit,
815 1351 900 1433 quod
922 1359 1033 1417 eontra
1048 1352 1240 1418 Bredorium
1263 1375 1294 1437 p.
1312 1359 1374 1420 400

246 1452 473 1519 ἐπιστέωνται
491 1450 541 1530 (of.
563 1447 774 1525 ἐπιστέαται)
797 1450 943 1533 retinuit,
968 1448 1168 1533 δανεώμεθα
1192 1450 1375 1517 δννέιννται

245 1551 369 1634 rejecit.

334 1648 430 1713 Iones
452 1653 559 1713 autern
581 1652 616 1709 ut
638 1645 672 1708 in
689 1644 794 1710 medio
809 1669 904 1709 -αται
922 1646 968 1711 ita
989 1646 1023 1711 in
1045 1648 1149 1713 activo
1172 1672 1274 1726 -αντι,
1297 1653 1375 1714 -ᾶσι

246 1765 419 1829 usurpasse
442 1745 570 1810 omuino
593 1743 777 1826 negandum
800 1751 865 1827 est3
892 1745 1085 1809 eontrarium
1110 1746 1222 1812 Attiois
1244 1746 1373 1829 faciunt,

248 1843 359 1925 quiin
381 1844 485 1908 aetivo
507 1847 647 1907 τιθέασι
672 1838 809 1905 διδόασι
836 1842 998 1925 pleniore,
1027 1844 1060 1907 in
1089 1842 1195 1908 medio
1218 1848 1375 1910 τίθενται
1469 1881 1472 1885 <

248 1939 403 2005 δίδονται
430 1940 578 2007 breviore
599 1938 823 2005 terminatione
849 1947 1002 2023 usurpata
1024 1941 1198 2023 proferunt.
1242 1948 1375 2006 τιθεῖσι

246 2040 333 2104 enim
358 2044 390 2104 et
412 2037 561 2116 διδοῦσι,
591 2057 673 2119 quae
696 2058 776 2118 non,
806 2042 840 2100 ut
863 2037 939 2100 olim
963 2038 1070 2120 opinio
1092 2037 1230 2118 ferebat,
1261 2059 1302 2105 ex
1324 2065 1375 2104 τι-

246 2142 354 2201 θέασι
377 2134 514 2200 διδόασι
536 2141 708 2215 oontraota,
738 2134 795 2200 sed
819 2154 860 2199 ex
881 2138 1015 2199 τίθεντι
1038 2133 1167 2199 δίδαντι
1190 2141 1267 2200 nata
1290 2143 1374 2215 sunt,

246 2235 318 2300 sola
349 2234 437 2316 apud
471 2232 668 2299 Herodotum
700 2233 841 2315 genuina
874 2238 949 2298 sunt
982 2232 1032 2309 (af.
1063 2232 1156 2297 Bred.
1188 2236 1260 2297 393.
1289 2239 1373 2315 401),

246 2351 363 2415 quare,
397 2351 467 2396 oum
497 2331 585 2415 apud
613 2331 735 2396 Atticos
766 2329 880 2395 ἱστᾶσι
909 2350 950 2396 ex
977 2326 1137 2395 *ἱστάασι
1168 2336 1269 2394 ortum
1303 2351 1374 2397 esse

246 2430 317 2495 veri
338 2429 445 2494 simile
460 2428 509 2512 sit,
532 2428 619 2511 apud
637 2429 731 2493 Iones
748 2426 862 2492 ἱστᾶσι
886 2428 1013 2506 (melius
1028 2426 1155 2503 ἱστασι)
1179 2447 1220 2492 ex
1242 2427 1374 2494 ἱσταντι

246 2526 388 2592 derivari
410 2526 516 2592 debet.
562 2527 695 2591 Fallitur
717 2526 820 2608 igitur,
845 2525 871 2591 si
894 2525 971 2608 quid
993 2526 1098 2607 video,
1129 2525 1264 2610 Curtius,
1288 2527 1374 2610 quod

247 2625 358 2700 (Verb.
381 2646 412 2708 p.
437 2627 489 2701 70)
518 2622 651 2689 ἱστέασι
678 2623 810 2689 formam
838 2624 975 2689 lonieam
999 2644 1070 2689 esse
1092 2624 1269 2707 existimat3
1299 2646 1374 2689 narn

246 2721 364 2788 ἱστᾶσι
387 2729 419 2787 et
443 2741 569 2804 semper
591 2729 719 2805 praeter
741 2723 769 2785 V
793 2725 829 2785 71
862 2718 1061 2800 (ἀνιστέασι)
1090 2722 1242 2788 traditum
1266 2731 1314 2790 est
1343 2731 1376 2789 et

244 2820 399 2904 analogia
420 2819 591 2884 verborum
612 2823 743 2883 τιθεῖσι
767 2817 902 2883 διδοῦσι
926 2820 1177 2886 commendatur.

332 2920 373 2983 In
394 2918 445 2983 his
466 2916 575 2983 formis
598 2917 725 2999 spirans
744 2917 860 2983 extrita
874 2940 939 2983 non
956 2926 1012 3000 est,
1036 2939 1107 2983 curn
1125 2920 1195 3002 jam
1218 2920 1260 2984 ab
1282 2919 1374 2985 initio

245 3040 277 3097 α,
308 3014 394 3100 quod
416 3016 450 3080 in
473 3015 572 3098 stirpe
595 3024 627 3081 et
649 3039 669 3077 α
692 3014 777 3096 quod
805 3014 838 3079 in
867 3017 1092 3081 terminatione
1120 3017 1272 3098 habetur,
1302 3037 1375 3081 con-

245 3114 413 3181 currerint.
458 3114 523 3179 Sed
551 3114 583 3178 in
610 3112 804 3194 ἐξεπίστεαι
826 3113 888 3176 VII
914 3119 983 3177 104.
1010 3118 1069 3177 135
1098 3114 1234 3197 primum
1259 3136 1279 3177 σ
1301 3133 1375 3178 eva-

246 3213 325 3292 nuit,
349 3218 416 3275 tum
432 3236 463 3289 α,
487 3211 572 3294 quod
593 3231 698 3293 neque
716 3212 811 3294 juxta
826 3235 847 3273 α
862 3230 967 3292 neque
985 3210 1080 3293 juxta
1102 3234 1137 3273 αι
1153 3216 1239 3275 stare
1260 3211 1373 3291 potuit,

246 3316 447 3376 attenuatum
463 3315 512 3375 est
527 3306 748 3388 ἐξεπίστασαι
764 3306 990 3388 *ἐξεπίστααι
1008 3305 1211 3387 ἐξεπίστεαι.
1242 3307 1375 3372 Praeter

247 3406 407 3475 ἐπίστεαι
428 3405 594 3472 ἐπίστασο
617 3407 679 3471 Vll
702 3410 742 3471 29
765 3427 825 3470 usu
847 3406 957 3471 venire
979 3406 1007 3471 is
1029 3426 1094 3470 non
1116 3404 1291 3485 mirabitur,
1320 3404 1375 3487 qui

247 3503 407 3587 quomodo
436 3504 586 3569 universa
608 3505 720 3587 lingua
740 3524 857 3587 graeca
884 3505 944 3569 hae
966 3503 1000 3568 in
1022 3524 1057 3569 re
1084 3503 1297 3585 fluctuaverit,
1327 3524 1375 3570 se-

248 3622 318 3666 eum
344 3602 507 3685 reputabit
535 3602 584 3676 (ef.
609 3602 693 3667 Ourt.
719 3602 813 3668 Verb.
838 3604 993 3681 84-80),
1023 3621 1121 3683 quare
1143 3610 1213 3666 curn
1236 3602 1272 3665 L.
1297 3600 1375 3666 Din-

250 3698 346 3764 dorfio
371 3700 416 3776 (in
431 3699 512 3766 thes.
529 3700 578 3764 III
593 3722 624 3783 p.
643 3693 722 3765 1793
740 3702 780 3779 Α)
797 3706 828 3764 et
843 3700 892 3765 W.
911 3698 1074 3764 Dindorfio
1090 3698 1201 3781 (praef.
1217 3698 1373 3775 XXVIII)

251 3793 391 3861 ἐπίστασ
415 3797 554 3863 seribere
577 3817 646 3862 oum
670 3817 944 3881 supervaoaneum
967 3805 1033 3862 tum
1055 3797 1170 3862 falsum
1194 3803 1252 3878 est,
1276 3817 1375 3879 quon·

250 3892 319 3976 iarn,
344 3901 381 3959 ut
396 3894 573 3961 Bredovius
596 3918 626 3979 p.
644 3899 703 3961 321
727 3896 811 3961 bene
833 3901 951 3976 monet,
974 3892 1144 3959 *ἐπίστασ
1166 3893 1254 3977 apud
1276 3894 1375 3959 Hero-

254 3990 357 4057 lotum
380 3999 467 4057 stare
489 4013 553 4057 non
576 3995 692 4077 potuit,
716 3992 829 4059 sedin
851 3990 871 4031 a
879 3990 1018 4058 intereo
1042 3991 1229 4055 mutandum
1253 3997 1329 4056 erat.

255 4210 399 4350 mutent}
424 4216 568 4271 Abiohtius
599 4218 629 4272 in
656 4218 725 4271 Phil.
752 4219 790 4272 Xl
817 4224 865 4272 275
898 4216 1090 4271 demonstravit
1116 4214 1151 4269 cf.
1179 4213 1260 4269 etiam
1287 4214 1371 4268 Stein.

258 4307 333 4359 prae.
