3575 5334
703 679 736 733 dc
754 678 836 748 alpha
852 679 995 735 intensivo.
1354 682 1414 743 105

296 847 502 916 ?bilostratus
537 850 598 915 boo
629 850 795 933 epitheton
829 850 871 915 ad
905 850 1134 919 describendas
1166 852 1324 936 imagines
1360 856 1416 922 ad·
1474 840 1477 845 ⁴

296 944 401 1027 nouit,
425 947 515 1013 velut
536 948 552 1011 1
577 952 633 1012 10:
655 944 846 1033 γε’γρανιται
869 941 887 1011 ὃ
910 948 972 1030 μὲν
994 956 1117 1036 ταῦρος
1140 946 1356 1036 ἀγέριοχός
1377 978 1414 1020 τε

296 1044 344 1109 toti
373 1040 508 1129 ἡγεμών
536 1050 597 1131 τῆς
625 1040 749 1130 ἀγέλης
776 1043 797 1109 i.
821 1064 848 1111 e.
877 1046 1050 1130 superbus,
1084 1048 1222 1131 superbe
1250 1050 1414 1133 incedenS,

296 1142 384 1207 3132
419 1141 461 1209 de
493 1161 595 1226 puero
627 1143 723 1207 ταυτὶ
752 1138 943 1227 ἀγέρωχα
973 1150 1093 1231 σκιρτᾷ
1120 1146 1141 1209 i.
1171 1164 1199 1210 e.
1232 1147 1416 1230 petulanter

296 1240 396 1322 taltat,
418 1240 453 1304 ΙΙ
478 1244 513 1304 11
544 1237 603 1304 τὸν
626 1244 727 1304 Πᾶνα
755 1237 792 1303 αἱ
813 1236 957 1325 Νύμφαι
985 1248 1144 1328 πονηρῶς
1173 1264 1277 1328 φασιν
1305 1238 1416 1327 ὀρχεῖ-

296 1340 376 1402 νθοι
399 1338 455 1402 καὶ
480 1334 629 1423 ἐκπηδᾶν
649 1342 710 1401 τοῦ
732 1333 963 1423 προςήκοντος
985 1336 1162 1422 ἐξαίροντα
1178 1341 1235 1405 καὶ
1256 1335 1416 1424 ἀναθρώ-

296 1456 413 1499 νκοντα
442 1433 528 1499 κατὰ
549 1432 629 1510 τοὺς
658 1428 900 1517 ἀγερώχους
926 1441 994 1499 τῶν
1015 1434 1147 1520 τράγων
1169 1437 1189 1501 i.
1213 1456 1241 1503 e.
1268 1438 1415 1504 lascivos,

296 1531 377 1598 llios
406 1532 542 1596 aliorum
571 1531 760 1613 scriptorum
789 1531 877 1596 locos
906 1534 1085 1600 exscribere
1112 1535 1327 1601 necessarium
1350 1555 1415 1601 non

296 1636 344 1710 ost,
374 1648 447 1693 oum
476 1628 663 1711 praesertim
692 1628 789 1693 etiam
817 1628 1115 1714 lexicograpborum
1145 1632 1335 1698 testimoniis
1364 1633 1416 1698 hio

296 1747 362 1793 rsus
396 1726 545 1791 vocabuli
578 1724 790 1790 confirmetur.
839 1726 892 1791 Sic
920 1728 1028 1810 Apoll.
1058 1728 1156 1813 Sopb.
1191 1725 1325 1813 ἀγέρω
1331 1753 1414 1810 χοι,

296 1823 405 1907 nquit,
435 1819 553 1908 ἡμὲν
576 1819 675 1887 καθ)
700 1816 808 1909 ἡμᾶς
831 1822 1042 1909 συνήθεια
1069 1824 1130 1911 τὴν
1160 1825 1250 1906 λέξιν
1273 1825 1332 1892 ἐπὶ
1354 1832 1414 1892 τοῦ

296 1919 399 2005 γόγου
422 1918 546 2005 ταύτην
567 1917 697 1985 τάττει·
726 1919 805 1996 τοὺς
827 1917 890 2004 γὰρ
914 1917 1083 1999 αὐθάδεις
1105 1924 1161 1988 καὶ
1188 1920 1415 2002 ἀπαιδεύτους

296 2024 392 2103 dyst·
417 2012 435 2081 d
460 2016 496 2083 δὲ
512 2014 660 2103 Ὅμηρος
681 2015 761 2093 τοὺς
784 2013 866 2101 ἀγαν
890 2015 1045 2100 ἐντίμους
1068 2021 1136 2082 κτλ.
1181 2022 1231 2085 nt.
1250 2022 1292 2085 M.
1317 2026 1345 2100 7,
1363 2026 1414 2105 52,

296 2117 336 2181 nt.
360 2114 457 2196 Gud,
481 2115 631 2199 Hesycb,
655 2113 755 2196 scic,
779 2115 843 2181 lex.
860 2115 933 2197 Seg.
949 2116 983 2179 in
999 2116 1142 2181 Bekkeri
1166 2118 1286 2183 Anecd.
1310 2118 1415 2202 1209,

296 2216 358 2294 aas,
383 2216 457 2277 aas.

371 2308 459 2388 Quid
480 2309 600 2392 igitur?
629 2309 787 2392 quomodo
810 2309 872 2374 hae
895 2328 1007 2375 omncs
1029 2308 1277 2392 significationes
1300 2330 1340 2376 ea
1361 2330 1416 2377 ex·

296 2407 462 2490 clinatione
485 2406 713 2490 comprehendi
735 2411 878 2489 possunt,
908 2412 943 2470 ut
964 2406 1058 2470 simul
1081 2427 1192 2473 omnes
1214 2408 1335 2474 formae
1358 2407 1416 2473 dii·

296 2502 443 2571 icultates
465 2503 644 2570 tollantur?
688 2504 892 2570 Recentiores
923 2504 1122 2585 grammatici
1149 2525 1192 2570 ne
1220 2505 1253 2570 in
1282 2525 1319 2571 ec
1349 2506 1416 2588 qui·
1541 2547 1544 2553 ·

296 2601 358 2669 lem
388 2602 475 2700 intep
502 2621 537 2667 se
566 2602 769 2668 consentiunt
797 2607 903 2665 utrum
932 2601 1069 2684 simplex
1095 2605 1137 2667 sit
1158 2603 1348 2668 vocabulum
1371 2625 1414 2668 an

296 2700 507 2783 compositum.
557 2699 620 2777 Qui
648 2699 734 2763 hanc
761 2698 953 2762 sententiam
976 2699 1212 2782 amplectuntur
1239 2720 1297 2766 sex
1318 2700 1415 2785 potis·

296 2798 401 2863 imum
424 2797 656 2880 explicationes
679 2802 922 2879 proposuerunt,
946 2815 1029 2877 quae
1051 2795 1206 2881 deinceps
1227 2817 1322 2880 quam
1345 2799 1415 2865 brc-

296 2896 417 2962 rissims
439 2892 507 2959 fieri
529 2900 635 2977 potest
660 2891 897 2958 examinandae
919 2899 1004 2957 sunt.

369 2994 402 3067 a)
434 2987 602 3076 ἀγέρωχος
625 2997 675 3056 est
695 3011 753 3073 pro
782 2986 946 3074 γεραόχος
968 3009 1039 3054 oum
1061 2991 1160 3074 alpha
1181 2991 1358 3073 intensivo,
1381 2999 1416 3057 ut

296 3089 338 3154 rit:
376 3087 475 3153 valde
505 3088 689 3153 honoratus.
734 3088 825 3152 Hanc
855 3087 1118 3170 explicationem,
1158 3108 1253 3170 quam
1290 3098 1415 3155 veteres

296 3185 486 3269 grammatici
523 3186 642 3269 passim
680 3184 922 3264 commendant,
959 3192 1167 3266 posteaquam
1201 3185 1297 3249 etiam
1326 3185 1415 3248 Butt-

296 3303 423 3349 nannns
457 3283 544 3347 lexil.
573 3283 606 3346 II
639 3287 698 3346 100
733 3282 858 3347 facilius
890 3282 966 3346 ferri
1000 3300 1094 3363 posse
1128 3281 1285 3347 concessit
1318 3302 1413 3364 quam

296 3388 419 3460 ceteras,
442 3399 529 3445 nuno
552 3377 729 3444 defendunt
751 3381 951 3444 Duentzerus
973 3378 1007 3442 in
1029 3379 1138 3443 annal.
1162 3379 1240 3462 phil.
1264 3387 1296 3445 et
1317 3379 1412 3463 paed.

296 3482 324 3543 ib
351 3500 383 3563 p.
408 3481 470 3543 599
505 3476 555 3553 (cf.
585 3476 627 3540 ad
656 3477 771 3553 1286)
805 3484 837 3541 et
865 3475 1104 3542 Autenriethius
1132 3476 1175 3541 ad
1204 3482 1235 3540 Γ
1254 3480 1305 3542 36.
1349 3477 1415 3544 Sed

296 3596 355 3641 rum
384 3575 427 3640 ab
456 3574 556 3657 alpha
583 3572 742 3638 intensivo
772 3572 972 3654 discesseris,
1006 3572 1093 3655 quod
1123 3574 1253 3639 mallem
1281 3575 1328 3639 illi
1356 3596 1415 3659 pro

296 3672 465 3757 rupbonico
496 3671 685 3736 habuissent
713 3672 766 3735 vel
795 3670 901 3753 potius
929 3690 988 3753 pro
1010 3671 1203 3753 prothetico,
1232 3692 1291 3737 neo
1313 3673 1415 3739 forma

296 3776 329 3835 ta
358 3768 530 3853 perspicua
558 3765 593 3831 fit
621 3786 681 3832 neo
709 3765 898 3848 significatio
926 3768 969 3832 ad
1004 3787 1114 3833 omnes
1148 3769 1235 3835 locos
1268 3770 1414 3851 quadrat.

296 3866 328 3932 lt
350 3866 499 3931 omittam
520 3883 586 3929 non
609 3864 714 3930 solere
741 3866 841 3947 alpha
870 3866 1053 3948 compositis
1078 3864 1243 3932 vocabulis
1271 3866 1415 3951 praefigi,

296 3983 390 4047 reque
412 3982 454 4029 ex
476 3967 610 4028 accentu
633 3982 738 4044 neque
762 3982 802 4029 ex
823 3963 896 4047 ipsa
918 3985 944 4025 ω
966 3964 1071 4028 vooali
1093 3965 1197 4030 elucet
1219 3988 1241 4028 α
1259 3972 1291 4030 et
1312 3988 1331 4028 ο
1354 3964 1415 4028 1]οο

297 4081 354 4127 ooo
391 4059 566 4140 coaluisse,
613 4059 690 4141 quin
723 4060 818 4125 etiam
855 4061 980 4124 nullum
1017 4066 1067 4127 est
1108 4061 1291 4144 exemplum
1326 4057 1415 4141 apud

296 4157 475 4237 domorum,
505 4155 560 4220 ubi
590 4176 648 4222 eae
676 4157 805 4223 vocales
832 4157 866 4222 in
895 4157 1103 4223 commissura
1131 4158 1196 4223 sint
1222 4160 1413 4236 contractae,

296 4254 323 4320 of.
337 4250 533 4339 κεραοξόος.
564 4253 760 4337 significatio
783 4262 889 4320 autem
912 4273 1084 4336 „magnum
1101 4254 1253 4319 honorem
1268 4251 1414 4317 habens“
