3575 5334
328 680 369 742 80
842 682 942 737 Clcmm

328 851 460 935 phorice
483 851 649 933 diceretur,
672 859 707 917 ut
729 848 864 935 ἀκύμων
882 856 959 935 βίος
981 873 1033 938 ap.
1049 853 1210 920 Plutarch.
1232 856 1271 918 T.
1286 853 1319 916 ΙΙ
1342 874 1373 937 p.
1390 857 1449 919 465

331 948 353 1012 1.
376 967 403 1014 e.
433 944 511 1013 ἀνευ
541 947 705 1032 κυμάτων,
735 970 778 1015 an
807 949 935 1033 proprie
962 950 1215 1033 intellegendum
1243 955 1329 1017 esset
1357 954 1451 1032 κῦμα.

331 1044 441 1111 Monk.
469 1044 513 1111 ad
541 1049 615 1113 Eur.
644 1047 741 1131 Hipp.
768 1050 829 1110 235
864 1045 1045 1129 ψαμάθοις
1074 1043 1135 1114 c'rr’
1164 1043 1369 1129 ἀκυμάντοις
1402 1067 1453 1113 ex·

329 1142 429 1226 plicat
463 1142 610 1211 fluctibus
642 1146 778 1209 multum
810 1164 979 1228 percussus
1011 1146 1084 1211 coll.
1110 1165 1175 1210 rss.
1203 1147 1264 1211 228
1298 1151 1331 1210 et
1363 1148 1451 1210 1124.

329 1239 487 1323 Intellego
510 1243 694 1309 sabulosam
717 1242 820 1307 litoris
842 1248 976 1324 partem,
1005 1262 1089 1324 quae
1110 1262 1303 1324 quamquam
1325 1242 1453 1326 propin·

328 1356 393 1422 qua
408 1338 488 1403 mari
502 1345 611 1405 tamen
625 1339 773 1407 fluctibus
787 1347 890 1422 vacat,
913 1339 1050 1422 ideoque
1065 1339 1209 1405 curribus
1230 1344 1351 1423 patet.“
1384 1339 1453 1405 Vel·

329 1434 394 1500 lem
425 1434 640 1505 Doederlinus
680 1438 814 1504 vidisset
849 1437 987 1520 priorem
1024 1437 1271 1520 explicationem
1309 1457 1375 1503 non
1411 1434 1453 1501 ed

330 1527 499 1612 ἀκύμονος
521 1533 579 1598 seul
602 1534 645 1599 ad
667 1531 814 1616 ἄκμονος
842 1534 1019 1618 pertinere,
1049 1538 1149 1599 totam
1177 1539 1284 1598 autem
1312 1534 1452 1616 glossam

328 1649 350 1694 a
376 1629 576 1711 Diogeniano
604 1651 675 1698 esse
703 1634 852 1698 alienam.
906 1629 1000 1710 Quod
1033 1630 1060 1695 si
1098 1630 1271 1695 novissimo
1300 1630 1451 1715 Hesychii

330 1724 445 1791 editori
473 1726 691 1810 concedimur,
721 1730 753 1793 iu
780 1728 981 1812 explicandis
1003 1726 1068 1792 illis
1096 1727 1365 1811 explicationibus
1382 1728 1451 1811 jam

329 1830 467 1888 nonest
492 1825 712 1892 laborandum.

415 1980 467 2053 21)
505 1972 741 2062 ἀμέμαρτος

329 2111 417 2197 apud
433 2112 605 2178 Homerum
621 2113 825 2196 conjungitur
841 2131 912 2176 cum
927 2111 1060 2177 vocibus
1082 2106 1215 2192 ἀνεμος,
1238 2106 1344 2188 πόνος
1366 2110 1454 2176 inde-

329 2229 391 2293 que
413 2209 456 2274 ελ
478 2211 623 2277 homines
641 2210 838 2276 transfertur.
868 2210 920 2274 Et.
936 2209 977 2274 11.
995 2211 1045 2291 81,
1062 2211 1102 2273 26
1126 2203 1220 2289 παρὰ
1240 2205 1279 2270 τὸ
1303 2212 1452 2291 μεγαίρω

329 2306 368 2370 τὸ
393 2312 526 2392 φθονῶ,
554 2307 721 2393 μεγαρτὸς
750 2310 807 2372 καὶ
830 2302 1034 2389 ἀμέγαρτος,
1063 2299 1081 2368 0‘
1104 2304 1149 2391 μὴ
1175 2301 1311 2391 φθόνου
1342 2300 1451 2385 ἀξιος·

329 2402 465 2488 φθόνος
480 2403 542 2487 γὰρ
558 2417 631 2481 τοῖς
647 2402 814 2470 εὐτελέσιν
828 2399 867 2467 οὗ
882 2406 1133 2486 κτραςγίνεται..
1210 2405 1250 2466 30
1267 2397 1344 2465 κατ)
1361 2399 1454 2467 ἀντί-

329 2499 626 2566 τασιντοῦα1’ν’
644 2508 665 2587 ᾗ
681 2498 868 2586 ἀμέγαρτον
884 2494 1450 2583 τὸνυτολλοῦφθόνοαάξιον

330 2595 371 2659 τά
394 2595 456 2679 γὰρ
478 2595 606 2681 μεγάλα
629 2603 829 2683 φθονεῖται·
852 2595 893 2659 τὰ
918 2592 952 2659 δ’
978 2591 1094 2681 εὐτελῆ
1112 2592 1161 2659 οὔ.
1191 2596 1267 2662 Post
1290 2598 1453 2680 egregiam

331 2693 518 2757 Buttmanni
553 2693 818 2777 disputationem,
848 2694 936 2759 lexil.
965 2694 981 2757 I
1010 2696 1140 2774 261311.
1173 2712 1267 2758 nemo
1301 2699 1454 2776 quantum

330 2789 480 2871 equidem
508 2791 574 2854 seio
610 2791 816 2873 interpretum
850 2790 980 2856 Homeri
1009 2790 1051 2856 de
1079 2788 1203 2871 origine
1231 2810 1270 2855 ac
1298 2790 1455 2873 signitica-

331 2888 418 2951 tione
432 2886 528 2969 hujus
546 2889 693 2953 vocabuli
710 2888 883 2970 dubitarit;
908 2894 957 2955 est
972 2887 1058 2953 enim
1075 2888 1258 2970 exemplum
1274 2906 1315 2952 ex
1330 2888 1453 2954 litoteta

330 3003 426 3065 quam
456 2983 565 3049 dicunt
592 2986 817 3067 repetendum,
851 2985 884 3049 iu
912 3005 975 3067 quo
1003 2983 1156 3066 negativa
1183 2984 1271 3047 notio
1300 2983 1344 3050 ad
1373 2985 1454 3068 posi·

331 3081 430 3145 liram
454 3082 662 3166 progreditur.
706 3084 803 3147 Plura
825 3081 866 3147 dc
891 3082 951 3147 hoc
977 3100 1096 3163 genere
1118 3102 1215 3165 supra
1237 3083 1454 3164 exposuimus.

419 3240 471 3314 25)
507 3231 664 3318 ἄμοτον

331 3379 420 3463 apud
449 3379 620 3443 Homerum
652 3377 813 3444 iuvenitur
844 3376 1049 3459 conjunctum
1078 3396 1149 3440 cum
1186 3381 1266 3459 part.
1306 3386 1454 3457 μεμαυῖα

332 3480 365 3540 Δ
384 3479 457 3556 440,
480 3477 509 3537 E
531 3477 602 3555 518,
626 3475 686 3557 Ap.
710 3478 760 3555 25,
784 3478 825 3537 25
852 3466 1063 3558 ἀπλήρωτον,
1090 3473 1188 3538 schol.
1213 3474 1248 3537 B.
1272 3468 1454 3559 ἄπληστον,

333 3572 410 3637 ΑΙ).
433 3566 536 3653 καυλός
569 3567 624 3651 ἀμ.
647 3569 786 3653 μεμαώς
815 3576 849 3633 Ν
868 3575 918 3650 40,
943 3573 993 3651 811,
1023 3575 1058 3633 Χ
1079 3574 1120 3635 36
1145 3590 1216 3634 eum
1239 3569 1361 3635 verbis:
1401 3564 1455 3650 ἀμ.

332 3664 501 3750 μεμάασιν
524 3664 687 3748 ἀκουέμεν
712 3693 729 3751 ρ
755 3671 831 3748 520,
862 3663 919 3749 ἀμ.
942 3667 1046 3730 κλαίω
1073 3675 1104 3731 Τ
1124 3671 1202 3747 300,
1232 3662 1289 3747 ἀμ.
1312 3665 1457 3747 κεχολω·

333 3769 435 3845 μένος
465 3768 586 3846 ψ567,
621 3758 676 3846 ἀμ.
698 3762 857 3828 τανόοντσ
889 3762 985 3846 ζ83,
1021 3765 1074 3828 ubi
1096 3764 1162 3829 sch.
1186 3765 1220 3828 P.
1244 3759 1455 3849 ἀκλήρωτον,

333 3857 534 3942 ἀκόρεστον,
579 3862 616 3926 Ε.
654 3858 854 3948 ἀκλήρωτον
899 3858 1049 3943 ἔτρεχον,
1095 3866 1242 3940 συνεχοῦς
1280 3857 1456 3945 ἐφέροντο.

336 3956 450 4023 Varias
472 3958 703 4040 explicationes
731 3966 855 4025 veteres
883 3957 1083 4039 grammatici
1105 3962 1301 4040 temptarunt
1323 3976 1457 4038 quarum

334 4054 424 4120 nulla
445 4053 512 4120 fere
534 4060 599 4121 tam
621 4054 731 4139 inepta
748 4063 796 4122 est
818 4054 895 4137 quin
917 4054 1125 4119 recentiorem
1148 4062 1318 4137 patronum
1340 4060 1459 4119 nancta

334 4152 384 4217 sit.
428 4151 481 4216 Sic
503 4171 574 4217 cum
595 4152 695 4218 schol.
717 4156 749 4217 Δ
769 4156 831 4216 4411
861 4151 1084 4231 Boettcherus,
1114 4150 1216 4235 spicil.
1241 4150 1333 4214 Hom.
1362 4172 1394 4233 p.
1420 4153 1457 4214 13

334 4247 523 4313 vocabulum
545 4247 589 4314 ad
616 4246 719 4329 μανόν
748 4250 882 4314 linteum
905 4255 1109 4332 concerptum
1132 4246 1254 4313 rettulit
1279 4267 1341 4329 quo
1364 4265 1459 4313 omne
