3575 5334
767 688 800 741 de
817 689 898 757 alpha
915 688 1055 744 intensive.
1432 690 1471 751 79

350 861 453 944 potius
476 861 606 944 passivo
628 861 781 946 adjectivi
804 855 933 945 ἀκηδής
961 881 1056 945 quam
1081 863 1186 927 activo
1208 864 1363 947 explicari
1385 864 1471 931 Hen-

349 958 483 1024 niekeus
504 959 586 1025 vidit
608 961 670 1043 qui,
693 979 763 1025 cum
782 954 907 1045 ἀκηδέα
929 964 1030 1024 status
1052 959 1252 1026 sithominis
1274 961 1324 1026 cui
1345 960 1469 1026 anullo

348 1056 569 1140 prospiciatur,
599 1057 729 1123 minime
756 1056 888 1121 miratur
909 1053 997 1142 λύπη
1021 1078 1079 1142 pro
1101 1078 1281 1143 synonymo
1304 1057 1415 1124 haberi
1439 1064 1470 1123 61

347 1153 444 1218 verba
479 1145 630 1240 ἆκηὸιάω
664 1160 696 1219 61
725 1149 892 1240 ἆκηὸιάζω
925 1154 1006 1218 nihil
1034 1152 1123 1220 aliud
1151 1174 1223 1221 esse
1251 1174 1344 1237 quam
1374 1154 1469 1221 malis

346 1249 460 1332 urgeri.
516 1252 654 1315 Tantam
691 1250 787 1333 igitur
819 1252 913 1317 abest
946 1258 981 1316 nt
1013 1272 1082 1316 oum
1112 1253 1307 1318 Buttmanno
1339 1248 1468 1338 ἀκηδής

345 1346 427 1412 11161·
450 1367 490 1412 ea
512 1348 612 1431 alpha
639 1347 789 1414 intensivi
818 1350 968 1431 exempla
988 1368 1211 1417 recenseamus
1233 1369 1316 1433 quae
1337 1350 1468 1416 minime

346 1444 486 1509 obnoxia
508 1445 572 1510 sint
594 1445 800 1528 dubitationi,
830 1451 864 1509 ut
892 1466 949 1528 pro
972 1445 1147 1511 certissimo
1169 1447 1311 1529 negativi
1334 1447 1467 1531 praefixi

345 1542 494 1624 exemplo
516 1542 700 1607 habendum
723 1543 773 1607 sit.

431 1663 483 1735 22)
518 1655 763 1746 ἀκρότητος.

343 1777 483 1862 Hosyoh.
514 1774 696 1866 ἀκρότητα·
726 1775 1023 1865 πολυκρότητα
1051 1777 1231 1862 γενόμενα,
1264 1776 1350 1847 ὥστε
1379 1780 1464 1867 μηδὲ

312 1951 315 1956 ἢ
343 1877 610 1959 συγκροτεῐσθαὶ
624 1874 709 1960 μηδὲ
727 1889 912 1957 συμπεσεῖν
931 1872 1054 1953 αὑτοῖς.
1085 1877 1136 1941 Ita
1157 1897 1242 1943 nunc
1264 1878 1344 1944 haec
1366 1878 1465 1944 verba

341 1972 444 2037 edidit
476 1974 576 2037 Maur.
606 1973 802 2039 Schmidtius
837 1976 977 2056 glossam
1006 1974 1147 2039 referens
1175 1974 1217 2038 ad
1245 1981 1325 2057 trag.
1352 1974 1462 2058 adesp.

336 2068 397 2151 frg.
423 2073 473 2133 66.
525 2070 757 2137 Valckenarius
789 2072 888 2137 verba
920 2071 1074 2156 Hesychii
1104 2070 1146 2135 ad
1180 2070 1301 2135 Cratini
1334 2092 1462 2138 versum

338 2166 501 2249 pertinere
522 2173 613 2250 putat
641 2188 691 2252 ap.
715 2167 831 2235 Athen.
853 2168 900 2233 IV
921 2190 952 2253 p.
980 2172 1038 2232 164
1061 2170 1087 2232 Ε
1117 2167 1200 2253 μέλη
1222 2165 1380 2250 πάραυλα
1403 2166 1463 2232 κᾶ-

334 2261 485 2349 κρότητα
501 2262 653 2347 κύμβαλα
669 2285 751 2349 quae
765 2274 851 2333 16616
865 2266 1048 2331 Lobeckius
1062 2267 1084 2330 l.
1099 2267 1122 2329 1.
1136 2270 1174 2330 33
1192 2285 1255 2330 161
1270 2265 1461 2330 666611616-

335 2357 486 2447 apo'rpw
508 2362 751 2441 animadvertit,
781 2363 838 2428 sed
863 2362 1070 2450 δυσκράτητα
1093 2369 1127 2427 ut
1149 2359 1333 2447 ἀκοίμητος
1356 2359 1462 2440 ὕπνος

333 2460 444 2528 Noun.
474 2459 572 2524 XVII
597 2463 666 2542 119,
701 2458 822 2544 πόρτις
851 2457 1006 2544 &durcones
1033 2461 1053 2525 i.
1077 2480 1104 2527 6.
1135 2460 1261 2526 Helena
1288 2460 1364 2543 Lye.
1393 2463 1460 2524 102.

332 2558 437 2639 Quae,
467 2556 580 2641 inquit,
611 2565 642 2623 61
670 2554 886 2642 κακόνυμφος
910 2558 972 2622 dici
1001 2558 1104 2643 potuit
1126 2565 1157 2624 61
1178 2555 1398 2642 ττολύνυμφος
1426 2565 1461 2622 ut

330 2654 368 2720 in
392 2655 502 2737 glossa
525 2656 704 2739 exponitur,
733 2655 910 2738 eademque
939 2651 1059 2741 ἀκλεής
1087 2656 1216 2721 infamis
1238 2660 1270 2720 et
1298 2652 1460 2742 δυσκλεής

331 2758 431 2835 atque
455 2752 551 2817 etiam
575 2752 762 2840 πολυκλεής
790 2754 929 2834 famosa,
958 2774 1040 2836 quae
1069 2752 1266 2819 diversorum
1295 2751 1458 2817 nominum

330 2848 365 2913 in
390 2869 490 2913 unam
511 2846 578 2914 rem
602 2852 826 2916 convenientia
853 2852 963 2935 procul
987 2850 1083 2915 dubio
1112 2850 1301 2916 scholiastes
1322 2849 1458 2930 induxit,

333 2954 366 3011 ut
389 2946 491 3030 alpha
510 2947 669 3029 privativo
690 2947 755 3012 vim
777 2948 953 3015 tribuerent
975 2948 1176 3012 intensivam.
1220 2944 1356 3029 Egregie
1378 2946 1458 3012 haec

334 3043 533 3125 Lobeolxius,
568 3064 638 3108 cum
666 3040 850 3131 ἅκρότητος
880 3066 899 3111 6
927 3064 1058 3110 numero
1092 3065 1200 3110 eorum
1229 3043 1456 3108 vocabulorum

334 3141 372 3205 sit
408 3141 443 3204 in
478 3141 592 3222 quibus
621 3164 685 3207 non
714 3151 778 3207 tam
807 3145 906 3225 plena
938 3141 1070 3207 membri
1105 3143 1235 3205 alterius
1267 3138 1455 3220 significatio

335 3238 456 3302 tollitur
498 3238 555 3303 sed
598 3238 733 3321 insignis
775 3237 994 3306 tantummodo
1037 3257 1138 3319 eaque
1180 3238 1267 3301 bona
1310 3235 1455 3317 qualitas.

334 3327 518 3420 Ἀκρότητα
541 3333 693 3419 κύμβαλα
721 3358 785 3403 161
815 3345 889 3403 sunt
919 3337 1067 3420 cymbala
1090 3334 1217 3398 omnino
1240 3354 1304 3397 non
1327 3334 1456 3416 pulsata

336 3432 389 3497 sed
419 3452 486 3498 non
514 3439 600 3498 recte
629 3435 757 3516 pulsata
784 3435 922 3517 ideoque
952 3454 1017 3498 non
1047 3433 1129 3497 bene
1159 3431 1323 3513 sonantia,
1357 3431 1454 3496 immo

335 3547 404 3593 voro
440 3529 641 3596 dissonantia
677 3552 759 3614 quae
799 3552 949 3615 magnum
983 3530 1111 3614 quidem
1150 3528 1315 3612 strepitum
1356 3529 1455 3594 edunt

334 3624 589 3712 (πολυκρότητα)
625 3626 683 3693 sed
720 3630 844 3694 nullum
877 3650 1025 3694 sonorum
1059 3633 1256 3692 concentum.
1311 3627 1454 3711 Apparet

333 3740 389 3804 quo
422 3723 498 3805 jure
534 3730 659 3799 veteres
695 3727 896 3807 grammatici
930 3725 1177 3808 explicationem
1213 3726 1302 3789 illam
1340 3744 1454 3808 propo·

332 3820 461 3884 suerint.

413 3932 665 4020 131ἀκύμων.

329 4048 995 4141 Hesychdndpovog·rcotvaopdaov·
1019 4054 1357 4146 ἢπολυκύμονος.
1386 4056 1451 4121 Ad-

329 4161 417 4221 notat
446 4155 528 4219 haec
556 4154 785 4221 Doederlinns:
822 4157 955 4235 ,habuit
982 4164 1057 4224 ante
1089 4157 1196 4223 oculos
1224 4152 1456 4237 grammaticus-

328 4253 422 4317 talem
448 4252 553 4316 locum
576 4252 609 4315 in
632 4252 917 4334 quodubitabatur
939 4275 1013 4320 num
1028 4289 1071 4300 -—
1085 4254 1131 4318 ita
1146 4252 1272 4335 scripsit
1288 4282 1330 4295 -
1352 4255 1452 4314 meta-
