3575 5334
487 730 520 784 de
538 730 689 784 nominibus
707 731 867 786 suffixorum
884 739 941 786 erut·
958 738 986 789 et
1003 735 1088 788 mino·
1105 750 1157 803 ope
1173 734 1303 790 formatis.
1395 733 1456 796 393

419 902 567 966 Formam
601 912 777 965 autumnum
813 905 956 969 neutrius
988 905 1116 987 generis
1146 907 1239 972 affert
1272 907 1371 972 Varro
1403 928 1455 991 ap.

333 1000 416 1064 Non.
442 1003 492 1078 71,
517 1002 566 1062 20.
590 1035 631 1045 —
656 1000 708 1064 Ad
729 1001 878 1067 vocabuli
900 1001 1056 1066 rationem
1078 1011 1150 1085 post
1171 1012 1377 1070 revertemur.

418 1097 531 1160 Restat
553 1115 670 1161 nornen
693 1099 871 1181 proprium:

421 1189 605 1254 Clitumnus:
636 1192 774 1261 fluminis
797 1195 909 1261 Umbri
935 1214 1067 1276 nornen,
1091 1196 1231 1279 pertinet
1253 1196 1295 1261 ad
1319 1197 1456 1263 eandem

332 1289 474 1355 radicem
497 1288 562 1362 ola,
588 1308 682 1371 quam
706 1291 853 1357 novimus
875 1311 916 1356 ex
938 1293 1102 1359 vocabulis
1124 1293 1245 1368 ult-uus,
1263 1295 1454 1377 pro-olt-ois,

331 1407 378 1469 gr.
404 1383 557 1461 κλι-τύ-ς.
603 1387 668 1452 Sed
696 1395 731 1452 ut
760 1398 923 1451 autumnus
950 1410 1014 1454 non
1043 1409 1085 1455 ex
1110 1390 1182 1473 ipsa
1210 1390 1278 1456 rad.
1308 1414 1359 1455 uu·
1391 1394 1456 1470 (vel

332 1487 435 1566 nuo-l,
464 1482 521 1548 sod
544 1504 565 1547 a
587 1485 717 1550 nomine
739 1485 876 1567 quodam
899 1486 974 1551 inde
997 1486 1090 1552 ducto
1113 1486 1211 1551 *nutu
1240 1491 1304 1563 (vol
1328 1488 1455 1571 *ouotul

332 1581 500 1644 formatum
530 1588 593 1664 est,
625 1583 671 1648 ita
703 1581 872 1646 Clitumnus
901 1591 1003 1647 ortum
1033 1604 1104 1650 esse
1132 1584 1259 1650 videtur
1288 1606 1328 1651 en
1356 1585 1456 1650 *olitu

331 1696 402 1742 curn
425 1698 472 1760 gr.
494 1677 638 1753 ult-uin
661 1680 899 1745 accuratissime
921 1681 1131 1747 conferendo:
1163 1679 1332 1746 Clitumnus
1359 1684 1456 1766 igitur

331 1782 380 1840 est
407 1774 525 1840 flumen
547 1778 637 1857 quasi
665 1778 854 1842 inclinatum
882 1779 935 1843 vel
967 1777 1109 1845 defluens
1137 1779 1188 1856 (ol.
1217 1780 1285 1845 rad.
1313 1791 1386 1854 stu,
1417 1789 1455 1847 st.

330 1882 438 1945 stutu-‚
461 1874 549 1938 verb.
572 1884 729 1949 statuera‚·
751 1896 781 1938 v.
806 1875 954 1940 Corssen.
976 1877 1036 1958 11²,
1062 1881 1144 1951 174).

417 1968 506 2035 Haeo
528 1979 617 2051 sunt,
646 1972 687 2037 de
716 1973 830 2054 quibus
857 1971 1019 2053 agendum
1041 1981 1127 2052 erat,
1155 1975 1337 2049 nomina⁵²l.
1381 1976 1455 2041 lam

330 2066 373 2130 ad
397 2086 468 2131 eam
490 2070 709 2150 quaestionem
733 2069 911 2148 redeamus,
939 2090 1035 2150 quum
1057 2090 1154 2154 supra
1174 2071 1209 2134 in
1230 2090 1385 2155 suspenso
1407 2092 1455 2137 re-

330 2164 491 2246 liquimus.

416 2261 509 2338 Quod
530 2264 662 2328 nomina
683 2264 717 2327 in
739 2274 809 2326 -unt
832 2262 1014 2328 desinentia
1035 2264 1269 2346 conjugationis
1291 2265 1324 2328 in
1347 2287 1375 2337 u,
1400 2287 1455 2331 no·

332 2360 421 2423 mina
442 2359 475 2424 in
498 2371 567 2422 -ent
587 2360 820 2443 conjugationis
841 2361 874 2424 in
898 2380 915 2421 e
938 2360 1173 2443 participiorum
1196 2361 1297 2426 instar
1318 2360 1455 2427 formata

325 2475 403 2521 esse
419 2476 521 2539 supra·
531 2458 720 2538 monuimus,
736 2457 868 2521 nomina
883 2457 918 2520 in
935 2477 1075 2519 -u-mnus
1090 2456 1133 2521 ad
1148 2457 1405 2541 conjugationem
1420 2461 1453 2524 in

329 2574 349 2614 u
379 2573 450 2619 osse
477 2553 647 2619 referenda
675 2575 733 2638 par
761 2574 833 2620 esse
860 2554 996 2620 videtur.
1041 2556 1112 2618 Duo
1145 2574 1220 2620 vero
1249 2563 1338 2637 sunt,
1372 2576 1455 2638 quae

330 2651 467 2717 obstent.

414 2748 467 2813 Ad
489 2748 572 2813 hane
593 2769 660 2814 rem
682 2749 906 2814 illustrandam
930 2769 995 2813 non
1013 2749 1169 2814 absonum
1185 2756 1233 2814 est
1255 2769 1294 2815 ea
1315 2750 1348 2813 in
1364 2771 1455 2813 -uoru

329 2847 430 2913 verba
453 2846 691 2920 denominativa
714 2866 916 2929 enumerare,
947 2867 1030 2929 quae
1050 2846 1204 2912 Romanis
1226 2853 1300 2911 sunt
1322 2848 1453 2913 usitata:

330 2964 464 3027 quorum
486 2944 552 3008 Leo
574 2945 685 3028 Meyer
707 2949 765 3027 (gr.
788 2964 890 3027 comp.
915 2945 957 3026 ΙΙ,
981 2947 1034 3019 42)
1057 2945 1138 3009 haec
1159 2944 1303 3025 collegit:
1331 2966 1453 3018 nurture,

331 3062 482 3124 arquere,
506 3042 679 3115 delituere,
702 3052 858 3115 statuere,
881 3040 1029 3112 tribuere,
1044 3039 1187 3121 sumere,
1211 3042 1366 3114 minutum
1388 3044 1455 3123 qui-

330 3141 389 3205 bus
413 3138 537 3205 Curtius
555 3140 587 3217 (l.
608 3140 644 3217 l.)
666 3140 786 3222 adjecit
807 3149 952 3209 mutuom,
975 3137 1120 3209 latuere3
1141 3147 1305 3199 sternuere
1326 3138 1455 3221 syllaba

330 3258 386 3299 nu·
407 3242 535 3301 auctum
559 3256 630 3302 esse
650 3237 792 3317 videtum
820 3236 858 3301 of.
881 3256 927 3317 gr.
952 3232 1186 3314 πτάρ-νυ-μαι.

415 3333 556 3412 Quorum
578 3355 599 3398 a
621 3334 830 3399 substantivis
860 3332 1085 3397 declinationis
1114 3332 1149 3395 in
1171 3352 1191 3392 u
1213 3331 1367 3414 originem
1399 3330 1456 3396 duss

329 3438 446 3497 xerunt
468 3431 563 3497 haee:
592 3452 705 3494 uouere
720 3436 827 3509 (uuus),
850 3440 988 3493 metuere
1007 3433 1138 3505 (mutus),
1160 3439 1299 3492 statuere
1322 3433 1452 3508 (status),

329 3528 470 3591 tribuere
502 3528 636 3606 (tribus).
697 3528 820 3594 Eadem
853 3526 1066 3609 originatione
1097 3524 1246 3591 videntur
1277 3547 1335 3592 usa
1367 3546 1453 3593 esse:

322 3625 458 3708 sutuera
480 3625 530 3701 (cf.
552 3646 598 3709 gr.
623 3622 778 3710 mauu-tur,
804 3629 941 3709 φῖτυ-ς),
967 3625 1105 3686 minuere
1127 3622 1177 3695 tol.
1200 3643 1246 3705 gr.
1262 3621 1452 3705 μινύ-θ-ω),

329 3743 466 3805 arquere
496 3723 546 3802 (of.
569 3744 617 3806 gr.
641 3720 819 3806 ἄργυ-ρος).
863 3723 1010 3788 Incertae
1032 3720 1163 3803 originis
1189 3727 1277 3786 sunt:
1315 3719 1452 3792 latuere,

331 3818 497 3882 delituere.

415 3916 497 3981 Inde
518 3918 669 4001 sequitur,
691 3917 792 3982 verba
813 3916 846 3981 in
868 3936 959 3977 -uurc
974 3915 1015 3980 ad
1031 3915 1163 3979 nomina
1176 3914 1210 3978 in
1225 3935 1259 3976 u·
1281 3915 1452 3997 pertinere.

400 4164 431 4228 ⁵²)
450 4162 512 4217 Alia
523 4162 654 4231 quaedam
671 4168 702 4215 ut
719 4161 915 4234 *Neptumnus
933 4135 1116 4215 ¹*Portumuus
1134 4176 1193 4216 esse
1209 4160 1341 4215 lectiones
1356 4160 1451 4229 ‹lepra-

331 4248 409 4297 vatas
425 4243 618 4298 vocabulorum
641 4244 802 4298 usitatorum
821 4241 977 4311 Neptunus,
1000 4240 1139 4295 Portunus
1157 4241 1305 4295 Corssenus
1330 4241 1373 4308 (1²,
1391 4245 1451 4306 435)

332 4322 531 4379 demonstravit.
