3575 5334
344 677 420 761 sc'

428 928 480 1001 33)
517 920 754 1009 ἆταρτηρός

341 1059 458 1141 legitur
479 1060 518 1122 A
540 1062 601 1123 223
625 1054 828 1144 ἀταρτηροῖς
851 1056 1002 1139 ἐπέεσσι,
1024 1060 1124 1126 schol.
1148 1060 1184 1124 B.
1204 1055 1344 1146 ἅτηροῑς
1366 1058 1467 1123 πλεο-

342 1159 458 1241 νασμῷ
472 1156 532 1241 τῆς
547 1180 620 1239 τορ
638 1155 813 1243 συλλαβῆς,
837 1157 897 1239 Ap.
910 1157 973 1223 Iex.
986 1160 1038 1239 46,
1056 1160 1095 1220 12
1110 1156 1301 1240 βλαβεροῖς,
1317 1154 1465 1239 Hesych.‚

342 1254 392 1318 Et.
406 1254 446 1317 M.
467 1256 535 1335 162,
556 1258 593 1317 14
606 1253 765 1341 σκληροῖς
782 1253 836 1317 καὶ
850 1253 1025 1334 χαλεποῖς.
1055 1252 1323 1320 praedicaturis
1338 1251 1467 1318 homine

339 1354 446 1434 β243
476 1353 614 1434 Μέντορ
645 1346 829 1436 ἄταρτηρλ,
859 1356 987 1436 φρένας
1016 1346 1104 1438 ἠλεέ.
1149 1350 1239 1416 Mitto
1268 1351 1320 1415 Et.
1343 1349 1386 1414 M.
1416 1368 1468 1415 ex·

340 1448 546 1531 plicationem
579 1467 643 1529 qua
674 1447 716 1512 ab
747 1444 808 1534 ἄτη
839 1444 964 1534 ἀτηρός
993 1444 1182 1532 ἄταρτηρός
1214 1445 1468 1531 reduplicatione

340 1544 479 1627 quadarn
503 1544 714 1609 derivandum
738 1551 801 1626 est,
831 1544 906 1611 licet
928 1545 1112 1611 Lobeckius
1135 1543 1223 1627 path.
1247 1543 1287 1609 el.
1312 1544 1328 1607 I
1354 1547 1414 1608 162
1436 1548 1468 1609 et

340 1642 479 1724 Pottius,
509 1643 766 1724 quaestetll¹
791 1645 830 1708 18
860 1644 1094 1723 assentiantur,
1128 1642 1217 1707 varie
1245 1640 1467 1707 incredibilem

340 1739 496 1821 originem
520 1738 745 1805 describentes.
790 1740 858 1805 Nec
881 1739 1080 1823 probabilius
1096 1738 1257 1822 Benleyus
1279 1739 1339 1803 l.l.
1357 1739 1466 1802 11253

340 1835 566 1902 eradicetur
591 1837 673 1913 (sive
695 1841 790 1917 baal,
820 1836 874 1901 Gr.
897 1861 975 1921 τρες
1004 1842 1112 1920 (τρέω,
1136 1840 1246 1922 τρέμω
1269 1835 1325 1913 al.)
1353 1833 1468 1900 verilo-

342 1933 451 2015 quium
485 1933 635 2016 repetivit
668 1953 801 2015 quocum
837 1935 997 2000 consentit
1032 1936 1099 2000 Leo
1134 1934 1298 2017 Meyerus‚
1332 1952 1465 2016 gramm.

340 2049 443 2112 comp.
474 2031 583 2094 1419.
634 2030 747 2097 Melius
775 2032 797 2095 ii
830 2032 882 2114 qui
912 2052 932 2097 a
962 2030 1071 2097 radice
1098 2054 1155 2113 τερ
1186 2035 1317 2115 (calpa,
1350 2033 1466 2115 τρέβω,

339 2124 428 2212 τρύω
452 2128 522 2191 Lat.
545 2136 657 2206 terere,
682 2129 828 2192 tribulam
852 2136 912 2195 cet.
935 2128 1021 2194 Ourt.
1045 2149 1075 2211 p.
1099 2132 1173 2203 222)
1196 2128 1353 2210 originem
1376 2146 1467 2192 voca·

340 2225 407 2290 buli
431 2226 530 2291 nostri
553 2224 734 2307 deducunt,
765 2226 860 2292 modo
883 2226 1047 2308 nealpha
1075 2246 1133 2308 pro
1154 2225 1317 2292 intensivo
1345 2224 1467 2289 babeas

340 2342 410 2389 oum
434 2324 615 2389 Duentnero
637 2323 670 2388 in
694 2324 816 2389 Kuhnii
838 2324 919 2389 diar.
942 2324 1009 2387 XII
1028 2327 1076 2404 11,
1100 2310 1179 2387 XVI
1194 2327 1246 2403 24,
1269 2323 1318 2387 La
1338 2322 1467 2387 Rocbeo

338 2419 382 2485 ad
404 2421 427 2484 l.
449 2420 470 2483 l.
493 2420 699 2501 Doederlino‚
725 2424 823 2502 gloss.
846 2423 939 2487 Hom.
963 2420 995 2484 II
1022 2423 1096 2499 154,
1120 2420 1216 2484 immo
1238 2439 1315 2485 vero
1338 2418 1468 2501 privati·

339 2537 413 2581 vura
438 2516 593 2598 estquod
618 2517 790 2583 Goebelius
813 2519 845 2582 in
869 2518 1033 2601 philologo
1049 2517 1132 2581 XIX
1148 2520 1209 2580 434
1232 2517 1316 2581 bene
1336 2515 1467 2581 demon·

339 2613 468 2692 stravit,
506 2622 541 2677 ut
572 2614 615 2678 sit
645 2614 752 2695 „quod
785 2614 908 2680 conteri
941 2616 1083 2697 nequit“,
1121 2613 1272 2691 „durus“.
1315 2614 1468 2679 Attamen

327 2728 452 2775 »omues
489 2728 569 2790 quos
604 2710 700 2776 modo
736 2711 971 2779 nominavimus
1009 2712 1199 2794 interpretes
1238 2710 1271 2775 in
1307 2728 1345 2776 eo
1384 2730 1468 2776 erra·

339 2812 454 2872 verunt
488 2804 574 2887 quod
602 2828 623 2872 a
650 2807 759 2873 radice
786 2833 847 2893 ταρ
871 2804 1059 2895 ἄτορτηρός
1088 2806 1343 2891 redupIIoatione
1365 2813 1467 2872 ortum

340 2921 412 2969 esse
434 2901 610 2968 credebant
632 2905 779 2987 neglecta
801 2907 910 2987 glossa
931 2905 1139 2990 Hesychiana
1161 2902 1362 2988 ἄτορτᾶται·
1385 2902 1467 2986 βλά-

339 3024 419 3064 πτει
434 3003 455 3078 (.
469 3049 475 3065 .
489 3000 625 3077 ‚eracli
659 3014 769 3080 πονεῖ,
785 3003 887 3069 λυπεῖ
901 3023 996 3085 quam
1009 3004 1192 3068 Lobeokius
1208 3003 1282 3084 quia
1297 3022 1362 3068 non
1374 3002 1468 3067 intel-

340 3098 470 3181 legebat
492 3098 679 3164 mutandam
697 3119 768 3166 esse
789 3099 909 3183 injuria
931 3101 1109 3184 suspicatus
1132 3106 1190 3165 est.
1225 3100 1275 3163 Ex
1297 3098 1359 3163 hae
1381 3099 1466 3163 enim

339 3196 448 3278 glossa
469 3196 503 3261 id
525 3198 632 3280 potius
654 3198 758 3263 elucet
780 3198 865 3280 quod
888 3203 975 3263 recte
991 3198 1192 3263 Fritzscbeus
1213 3196 1248 3260 iu
1271 3194 1359 3260 Ourt.
1382 3194 1467 3259 stud.

338 3294 383 3358 VI
399 3297 460 3357 295
483 3293 710 3359 animadvertit
732 3291 957 3381 ἀ-ταρτη-ρός
975 3295 1089 3360 eodem
1107 3293 1201 3358 modo
1223 3299 1320 3374 atque
1341 3289 1467 3378 ἄτηρός

339 3388 445 3455 fictum
461 3408 542 3473 esse,
564 3389 585 3454 i.
598 3409 625 3455 e.
642 3411 662 3455 a
677 3391 786 3458 radice
801 3416 862 3474 τορ
880 3391 1048 3457 descendit
1063 3389 1265 3474 participium
1280 3408 1351 3453 cum
1367 3390 1467 3473 alpha

339 3486 499 3570 prtvativo
527 3483 705 3567 ἄ-ταρτο-ς
733 3509 819 3565 „non
842 3490 1011 3567 contritus,
1041 3486 1147 3570 „quod
1175 3486 1296 3552 conteri
1322 3487 1465 3568 nequet,

338 3582 479 3665 indeque
493 3582 606 3648 suffixo
621 3584 810 3650 secundario
825 3582 1075 3671 d-cop-cq-pdg,
1088 3585 1178 3667 quasi
1196 3582 1351 3649 feminina
1365 3583 1468 3649 forma

340 3681 486 3746 subesset
515 3686 550 3744 ut
577 3680 611 3745 in
639 3687 686 3746 tot
714 3682 883 3765 adjectivis
905 3683 940 3747 in
965 3680 1080 3767 η-ρό-ς
1102 3682 1290 3747 terminatin
1343 3680 1390 3745 Gt.
1415 3680 1467 3745 ol-

340 3774 506 3862 ματηρός,
536 3777 748 3865 καομοιτηρός
770 3787 898 3863 praeter
921 3776 1101 3865 ὂόονρρός,
1132 3776 1290 3865 ὁιψηρός,
1319 3778 1387 3843 alia
1414 3798 1465 3861 ap.

340 3874 378 3939 L.
411 3875 575 3958 Meyerum
605 3876 628 3940 l.
657 3878 678 3941 l.
711 3877 743 3941 ΙΙ
768 3881 830 3942 573
868 3876 922 3960 qui
956 3881 1064 3942 tamen
1096 3874 1223 3940 dubitat
1255 3895 1332 3940 num
1365 3871 1467 3959 ἀταρ-

339 3969 441 4059 τηρός
469 3971 531 4037 huc
559 3972 760 4039 referendum
794 3973 844 4039 sit.
887 3973 939 4038 Ab
968 3972 1027 4038 illa
1054 3980 1162 4038 autem
1191 3972 1290 4056 stirpe
1324 3968 1465 4059 ἀ-τορτο

340 4071 472 4135 verbum
494 4068 768 4136 denominadvum
786 4066 1015 4155 ἄ-τορτάομαι
1037 4069 1204 4137 descendit
1225 4069 1317 4152 cujus
1339 4071 1466 4136 tertiam

340 4185 511 4251 personam
534 4166 755 4252 Diogenianus
777 4166 963 4250 explicavit.

427 4303 480 4377 34)
519 4297 733 4389 ἀτημελής
