<?xml version="1.0" encoding="UTF-8"?>
<!DOCTYPE html PUBLIC "-//W3C//DTD XHTML 1.0 Transitional//EN"
    "http://www.w3.org/TR/xhtml1/DTD/xhtml1-transitional.dtd">
<html xmlns="http://www.w3.org/1999/xhtml" xml:lang="en" lang="en">
 <head>
  <title>
</title>
<meta http-equiv="Content-Type" content="text/html;charset=utf-8" />
  <meta name='ocr-system' content='tesseract 3.04.00' />
  <meta name='ocr-capabilities' content='ocr_page ocr_carea ocr_par ocr_line ocrx_word'/>
</head>
<body>
  <div class='ocr_page' id='page_1' title='image "./studienzurgriec00curtgoog_0097.png"; bbox 0 0 3575 5334; ppageno 0'>
   <div class='ocr_carea' id='block_1_1' title="bbox 747 685 1454 755">
    <p class='ocr_par' dir='ltr' id='par_1_1' title="bbox 747 685 1454 755">
     <span class='ocr_line' id='line_1_1' title="bbox 747 685 1454 755; baseline -0.004 -14"><span class='ocrx_word' id='word_1_1' title='bbox 747 685 780 741; x_wconf 93' lang='lat' dir='ltr'>de</span> <span class='ocrx_word' id='word_1_2' title='bbox 798 686 879 755; x_wconf 88' lang='lat' dir='ltr'>elpha</span> <span class='ocrx_word' id='word_1_3' title='bbox 895 686 1038 741; x_wconf 85' lang='lat' dir='ltr'>intenslvo.</span> <span class='ocrx_word' id='word_1_4' title='bbox 1414 685 1454 748; x_wconf 82' lang='lat'>87</span> 
     </span>
    </p>
   </div>
   <div class='ocr_carea' id='block_1_2' title="bbox 327 854 1456 2009">
    <p class='ocr_par' dir='ltr' id='par_1_2' title="bbox 327 854 1456 2009">
     <span class='ocr_line' id='line_1_2' title="bbox 327 854 1455 947; baseline 0.005 -27"><span class='ocrx_word' id='word_1_5' title='bbox 327 854 412 921; x_wconf 89' lang='lat' dir='ltr'>idem</span> <span class='ocrx_word' id='word_1_6' title='bbox 437 875 510 922; x_wconf 89' lang='lat' dir='ltr'>esse</span> <span class='ocrx_word' id='word_1_7' title='bbox 533 854 748 924; x_wconf 89' lang='lat' dir='ltr'>Doederlinus</span> <span class='ocrx_word' id='word_1_8' title='bbox 772 856 956 939; x_wconf 87' lang='lat' dir='ltr'>dicitquod</span> <span class='ocrx_word' id='word_1_9' title='bbox 984 857 1130 945; x_wconf 78' lang='grc' dir='ltr'><strong><em>τημείης</em></strong></span> <span class='ocrx_word' id='word_1_10' title='bbox 1158 879 1330 942; x_wconf 80' lang='lat' dir='ltr'>rursusque</span> <span class='ocrx_word' id='word_1_11' title='bbox 1351 884 1455 947; x_wconf 80' lang='grc' dir='ltr'><strong><em>τημε-</em></strong></span> 
     </span>
     <span class='ocr_line' id='line_1_3' title="bbox 329 948 1455 1041; baseline 0.004 -24"><span class='ocrx_word' id='word_1_12' title='bbox 329 948 388 1039; x_wconf 80' lang='grc' dir='ltr'>ίης</span> <span class='ocrx_word' id='word_1_13' title='bbox 410 972 476 1017; x_wconf 90' lang='lat' dir='ltr'>non</span> <span class='ocrx_word' id='word_1_14' title='bbox 499 951 627 1020; x_wconf 83' lang='lat' dir='ltr'>differre</span> <span class='ocrx_word' id='word_1_15' title='bbox 650 954 692 1021; x_wconf 90' lang='lat' dir='ltr'>ah</span> <span class='ocrx_word' id='word_1_16' title='bbox 715 950 856 1041; x_wconf 76' lang='grc' dir='ltr'><strong><em>ἀμελής,</em></strong></span> <span class='ocrx_word' id='word_1_17' title='bbox 878 961 914 1020; x_wconf 88' lang='lat' dir='ltr'>at</span> <span class='ocrx_word' id='word_1_18' title='bbox 935 955 1106 1038; x_wconf 78' lang='lat' dir='ltr'>analogiae</span> <span class='ocrx_word' id='word_1_19' title='bbox 1127 957 1284 1022; x_wconf 89' lang='lat' dir='ltr'>rationem</span> <span class='ocrx_word' id='word_1_20' title='bbox 1306 958 1359 1024; x_wconf 86' lang='lat' dir='ltr'>vel</span> <span class='ocrx_word' id='word_1_21' title='bbox 1381 977 1455 1023; x_wconf 91' lang='lat' dir='ltr'>oon·</span> 
     </span>
     <span class='ocr_line' id='line_1_4' title="bbox 328 1051 1455 1137; baseline 0.002 -20"><span class='ocrx_word' id='word_1_22' title='bbox 328 1069 410 1133; x_wconf 83' lang='lat' dir='ltr'>grue</span> <span class='ocrx_word' id='word_1_23' title='bbox 432 1051 582 1135; x_wconf 82' lang='lat' dir='ltr'>exempla</span> <span class='ocrx_word' id='word_1_24' title='bbox 603 1070 639 1117; x_wconf 85' lang='lat' dir='ltr'>se</span> <span class='ocrx_word' id='word_1_25' title='bbox 660 1059 759 1135; x_wconf 85' lang='lat' dir='ltr'>neget</span> <span class='ocrx_word' id='word_1_26' title='bbox 779 1053 921 1137; x_wconf 88' lang='lat' dir='ltr'>reperire</span> <span class='ocrx_word' id='word_1_27' title='bbox 941 1053 1094 1136; x_wconf 86' lang='lat' dir='ltr'>potuisse.</span> <span class='ocrx_word' id='word_1_28' title='bbox 1131 1052 1245 1135; x_wconf 75' lang='lat' dir='ltr'>Credo,</span> <span class='ocrx_word' id='word_1_29' title='bbox 1268 1053 1343 1137; x_wconf 88' lang='lat' dir='ltr'>quia</span> <span class='ocrx_word' id='word_1_30' title='bbox 1364 1055 1455 1121; x_wconf 85' lang='lat' dir='ltr'>nulla</span> 
     </span>
     <span class='ocr_line' id='line_1_5' title="bbox 330 1145 1456 1237; baseline 0.002 -22"><span class='ocrx_word' id='word_1_31' title='bbox 330 1166 401 1215; x_wconf 90' lang='lat' dir='ltr'>esse</span> <span class='ocrx_word' id='word_1_32' title='bbox 430 1153 574 1231; x_wconf 81' lang='lat' dir='ltr'>possunt.</span> <span class='ocrx_word' id='word_1_33' title='bbox 629 1149 688 1214; x_wconf 81' lang='lat' dir='ltr'>Est</span> <span class='ocrx_word' id='word_1_34' title='bbox 717 1149 803 1215; x_wconf 88' lang='lat' dir='ltr'>enirn</span> <span class='ocrx_word' id='word_1_35' title='bbox 832 1145 1001 1237; x_wconf 80' lang='grc' dir='ltr'><strong><em>ἀτημελης</em></strong></span> <span class='ocrx_word' id='word_1_36' title='bbox 1029 1150 1248 1232; x_wconf 78' lang='lat' dir='ltr'>„neglegens“</span> <span class='ocrx_word' id='word_1_37' title='bbox 1278 1159 1311 1217; x_wconf 89' lang='lat' dir='ltr'>et</span> <span class='ocrx_word' id='word_1_38' title='bbox 1338 1152 1456 1235; x_wconf 81' lang='lat' dir='ltr'>legitur</span> 
     </span>
     <span class='ocr_line' id='line_1_6' title="bbox 330 1245 1456 1334; baseline 0.004 -24"><span class='ocrx_word' id='word_1_39' title='bbox 330 1265 381 1328; x_wconf 89' lang='lat' dir='ltr'>ap.</span> <span class='ocrx_word' id='word_1_40' title='bbox 397 1245 603 1310; x_wconf 75' lang='lat' dir='ltr'>Plutarchum</span> <span class='ocrx_word' id='word_1_41' title='bbox 625 1245 686 1313; x_wconf 93' lang='lat' dir='ltr'>hoo</span> <span class='ocrx_word' id='word_1_42' title='bbox 706 1266 803 1314; x_wconf 89' lang='lat' dir='ltr'>sensu</span> <span class='ocrx_word' id='word_1_43' title='bbox 826 1246 1042 1329; x_wconf 83' lang='lat' dir='ltr'>compluribus</span> <span class='ocrx_word' id='word_1_44' title='bbox 1064 1247 1153 1327; x_wconf 88' lang='lat' dir='ltr'>locis,</span> <span class='ocrx_word' id='word_1_45' title='bbox 1175 1245 1322 1334; x_wconf 81' lang='grc' dir='ltr'><strong><em>τημελής</em></strong></span> <span class='ocrx_word' id='word_1_46' title='bbox 1344 1254 1456 1314; x_wconf 85' lang='lat' dir='ltr'>contra¹</span> 
     </span>
     <span class='ocr_line' id='line_1_7' title="bbox 330 1340 1456 1428; baseline 0.003 -21"><span class='ocrx_word' id='word_1_47' title='bbox 330 1340 531 1425; x_wconf 80' lang='lat' dir='ltr'>grammatici</span> <span class='ocrx_word' id='word_1_48' title='bbox 544 1342 676 1407; x_wconf 82' lang='lat' dir='ltr'>tradunt</span> <span class='ocrx_word' id='word_1_49' title='bbox 696 1343 880 1428; x_wconf 80' lang='lat' dir='ltr'>„diligens“</span> <span class='ocrx_word' id='word_1_50' title='bbox 902 1342 1091 1426; x_wconf 82' lang='lat' dir='ltr'>significare,</span> <span class='ocrx_word' id='word_1_51' title='bbox 1113 1343 1221 1428; x_wconf 87' lang='lat' dir='ltr'>itaque</span> <span class='ocrx_word' id='word_1_52' title='bbox 1242 1344 1317 1410; x_wconf 85' lang='lat' dir='ltr'>adv.</span> <span class='ocrx_word' id='word_1_53' title='bbox 1332 1344 1456 1410; x_wconf 88' lang='lat' dir='ltr'>inveni·</span> 
     </span>
     <span class='ocr_line' id='line_1_8' title="bbox 332 1439 1455 1525; baseline 0.004 -21"><span class='ocrx_word' id='word_1_54' title='bbox 332 1443 380 1503; x_wconf 87' lang='lat' dir='ltr'>tur</span> <span class='ocrx_word' id='word_1_55' title='bbox 409 1458 462 1522; x_wconf 88' lang='lat' dir='ltr'>ap.</span> <span class='ocrx_word' id='word_1_56' title='bbox 494 1439 580 1504; x_wconf 85' lang='lat' dir='ltr'>Max.</span> <span class='ocrx_word' id='word_1_57' title='bbox 608 1440 685 1524; x_wconf 82' lang='lat' dir='ltr'>Tyr.</span> <span class='ocrx_word' id='word_1_58' title='bbox 718 1439 795 1507; x_wconf 89' lang='lat' dir='ltr'>diss.</span> <span class='ocrx_word' id='word_1_59' title='bbox 824 1443 864 1503; x_wconf 84' lang='grc'>25</span> <span class='ocrx_word' id='word_1_60' title='bbox 893 1462 924 1523; x_wconf 90' lang='lat' dir='ltr'>p.</span> <span class='ocrx_word' id='word_1_61' title='bbox 951 1444 999 1505; x_wconf 86' lang='grc'>12.</span> <span class='ocrx_word' id='word_1_62' title='bbox 1049 1441 1154 1524; x_wconf 80' lang='lat' dir='ltr'>Atque</span> <span class='ocrx_word' id='word_1_63' title='bbox 1181 1442 1306 1507; x_wconf 86' lang='lat' dir='ltr'>ratione</span> <span class='ocrx_word' id='word_1_64' title='bbox 1333 1446 1455 1525; x_wconf 86' lang='lat' dir='ltr'>etymo·</span> 
     </span>
     <span class='ocr_line' id='line_1_9' title="bbox 331 1536 1456 1619; baseline 0.005 -20"><span class='ocrx_word' id='word_1_65' title='bbox 331 1536 436 1618; x_wconf 82' lang='lat' dir='ltr'>logica</span> <span class='ocrx_word' id='word_1_66' title='bbox 464 1536 703 1619; x_wconf 87' lang='lat' dir='ltr'>comprobetur,</span> <span class='ocrx_word' id='word_1_67' title='bbox 734 1538 762 1604; x_wconf 88' lang='lat' dir='ltr'>si</span> <span class='ocrx_word' id='word_1_68' title='bbox 789 1544 959 1619; x_wconf 90' lang='lat' dir='ltr'>utrumque</span> <span class='ocrx_word' id='word_1_69' title='bbox 987 1538 1179 1604; x_wconf 83' lang='lat' dir='ltr'>vocabulum</span> <span class='ocrx_word' id='word_1_70' title='bbox 1205 1540 1247 1605; x_wconf 92' lang='lat' dir='ltr'>ah</span> <span class='ocrx_word' id='word_1_71' title='bbox 1270 1539 1384 1606; x_wconf 88' lang='lat' dir='ltr'>eadem</span> <span class='ocrx_word' id='word_1_72' title='bbox 1407 1560 1456 1605; x_wconf 89' lang='lat' dir='ltr'>ra-</span> 
     </span>
     <span class='ocr_line' id='line_1_10' title="bbox 331 1631 1453 1723; baseline 0.004 -27"><span class='ocrx_word' id='word_1_73' title='bbox 331 1632 402 1700; x_wconf 86' lang='lat' dir='ltr'>dice</span> <span class='ocrx_word' id='word_1_74' title='bbox 437 1656 503 1714; x_wconf 89' lang='grc' dir='ltr'><strong><em>ταμ</em></strong></span> <span class='ocrx_word' id='word_1_75' title='bbox 540 1632 706 1700; x_wconf 85' lang='lat' dir='ltr'>deseendit</span> <span class='ocrx_word' id='word_1_76' title='bbox 747 1634 833 1702; x_wconf 75' lang='lat' dir='ltr'>unde</span> <span class='ocrx_word' id='word_1_77' title='bbox 869 1653 968 1718; x_wconf 76' lang='lat' dir='ltr'>supra</span> <span class='ocrx_word' id='word_1_78' title='bbox 1004 1631 1127 1721; x_wconf 81' lang='grc' dir='ltr'><strong><em>ἀτμήν,</em></strong></span> <span class='ocrx_word' id='word_1_79' title='bbox 1171 1641 1309 1718; x_wconf 79' lang='grc' dir='ltr'><strong><em>ταμίας,</em></strong></span> <span class='ocrx_word' id='word_1_80' title='bbox 1351 1642 1453 1723; x_wconf 91' lang='grc' dir='ltr'><strong><em>ταμίη</em></strong></span> 
     </span>
     <span class='ocr_line' id='line_1_11' title="bbox 331 1729 1455 1817; baseline 0.004 -23"><span class='ocrx_word' id='word_1_81' title='bbox 331 1729 536 1814; x_wconf 86' lang='lat' dir='ltr'>repetivimus</span> <span class='ocrx_word' id='word_1_82' title='bbox 563 1729 659 1796; x_wconf 85' lang='lat' dir='ltr'>simili</span> <span class='ocrx_word' id='word_1_83' title='bbox 687 1730 931 1815; x_wconf 81' lang='lat' dir='ltr'>significationis</span> <span class='ocrx_word' id='word_1_84' title='bbox 959 1732 1105 1799; x_wconf 89' lang='lat' dir='ltr'>transitu.</span> <span class='ocrx_word' id='word_1_85' title='bbox 1149 1734 1248 1801; x_wconf 83' lang='lat' dir='ltr'>Falsa</span> <span class='ocrx_word' id='word_1_86' title='bbox 1268 1734 1326 1799; x_wconf 92' lang='lat' dir='ltr'>illa</span> <span class='ocrx_word' id='word_1_87' title='bbox 1347 1734 1455 1817; x_wconf 92' lang='lat' dir='ltr'>opinio</span> 
     </span>
     <span class='ocr_line' id='line_1_12' title="bbox 331 1822 1454 1917; baseline 0.005 -27"><span class='ocrx_word' id='word_1_88' title='bbox 331 1847 394 1917; x_wconf 75' lang='lat' dir='ltr'>qua</span> <span class='ocrx_word' id='word_1_89' title='bbox 408 1822 576 1913; x_wconf 81' lang='grc' dir='ltr'><strong><em>ἀτημελής</em></strong></span> <span class='ocrx_word' id='word_1_90' title='bbox 597 1848 663 1893; x_wconf 90' lang='lat' dir='ltr'>non</span> <span class='ocrx_word' id='word_1_91' title='bbox 678 1827 807 1895; x_wconf 80' lang='lat' dir='ltr'>differat</span> <span class='ocrx_word' id='word_1_92' title='bbox 822 1849 844 1896; x_wconf 87' lang='lat' dir='ltr'>a</span> <span class='ocrx_word' id='word_1_93' title='bbox 857 1828 1004 1915; x_wconf 82' lang='grc' dir='ltr'><strong><em>τημελής</em></strong></span> <span class='ocrx_word' id='word_1_94' title='bbox 1020 1828 1217 1898; x_wconf 84' lang='lat' dir='ltr'>Doederlino</span> <span class='ocrx_word' id='word_1_95' title='bbox 1239 1831 1454 1915; x_wconf 91' lang='lat' dir='ltr'>suspicionem</span> 
     </span>
     <span class='ocr_line' id='line_1_13' title="bbox 332 1923 788 2009; baseline 0.007 -22"><span class='ocrx_word' id='word_1_96' title='bbox 332 1924 485 2007; x_wconf 89' lang='lat' dir='ltr'>injecerat</span> <span class='ocrx_word' id='word_1_97' title='bbox 506 1924 607 2009; x_wconf 88' lang='lat' dir='ltr'>alpha</span> <span class='ocrx_word' id='word_1_98' title='bbox 627 1923 788 1991; x_wconf 84' lang='lat' dir='ltr'>intensivi.</span> 
     </span>
    </p>
   </div>
   <div class='ocr_carea' id='block_1_3' title="bbox 416 2039 716 2129">
    <p class='ocr_par' dir='ltr' id='par_1_3' title="bbox 416 2039 716 2129">
     <span class='ocr_line' id='line_1_14' title="bbox 416 2039 716 2129; baseline 0.01 -24"><span class='ocrx_word' id='word_1_99' title='bbox 416 2046 469 2115; x_wconf 87' lang='grc'>35)</span> <span class='ocrx_word' id='word_1_100' title='bbox 503 2039 716 2129; x_wconf 83' lang='grc' dir='ltr'><strong><em>ἀτίμητος.</em></strong></span> 
     </span>
    </p>
   </div>
   <div class='ocr_carea' id='block_1_4' title="bbox 311 2156 1458 3217">
    <p class='ocr_par' dir='ltr' id='par_1_4' title="bbox 311 2156 1458 3217">
     <span class='ocr_line' id='line_1_15' title="bbox 332 2156 1455 2250; baseline 0.004 -25"><span class='ocrx_word' id='word_1_101' title='bbox 332 2161 473 2227; x_wconf 80' lang='lat' dir='ltr'>Euslath.</span> <span class='ocrx_word' id='word_1_102' title='bbox 504 2181 534 2243; x_wconf 90' lang='lat' dir='ltr'>p.</span> <span class='ocrx_word' id='word_1_103' title='bbox 562 2163 659 2242; x_wconf 83' lang='lat'>1058,</span> <span class='ocrx_word' id='word_1_104' title='bbox 683 2164 702 2227; x_wconf 85' lang='lat'><strong>3</strong></span> <span class='ocrx_word' id='word_1_105' title='bbox 731 2156 777 2237; x_wconf 82' lang='grc' dir='ltr'>ὡς</span> <span class='ocrx_word' id='word_1_106' title='bbox 802 2161 835 2225; x_wconf 79' lang='grc' dir='ltr'>οἱ</span> <span class='ocrx_word' id='word_1_107' title='bbox 863 2158 949 2244; x_wconf 57' lang='grc' dir='ltr'><strong><em>μεθ)</em></strong></span> <span class='ocrx_word' id='word_1_108' title='bbox 977 2159 1125 2249; x_wconf 82' lang='grc' dir='ltr'><strong><em>Ὅμηρον</em></strong></span> <span class='ocrx_word' id='word_1_109' title='bbox 1154 2159 1262 2239; x_wconf 80' lang='grc' dir='ltr'><strong><em>ἄλλως</em></strong></span> <span class='ocrx_word' id='word_1_110' title='bbox 1292 2158 1455 2250; x_wconf 85' lang='grc' dir='ltr'><strong><em>ἀτίμητόν</em></strong></span> 
     </span>
     <span class='ocr_line' id='line_1_16' title="bbox 331 2254 1456 2347; baseline 0.002 -24"><span class='ocrx_word' id='word_1_111' title='bbox 331 2280 420 2343; x_wconf 81' lang='grc' dir='ltr'><strong><em>φασι</em></strong></span> <span class='ocrx_word' id='word_1_112' title='bbox 447 2255 505 2322; x_wconf 82' lang='grc' dir='ltr'>τὸν</span> <span class='ocrx_word' id='word_1_113' title='bbox 534 2258 838 2343; x_wconf 76' lang='grc' dir='ltr'><strong><em>πολυτίμητον,</em></strong></span> <span class='ocrx_word' id='word_1_114' title='bbox 873 2254 975 2345; x_wconf 75' lang='grc' dir='ltr'><strong><em>ἤγουν</em></strong></span> <span class='ocrx_word' id='word_1_115' title='bbox 1006 2258 1064 2334; x_wconf 83' lang='grc' dir='ltr'>τὸν</span> <span class='ocrx_word' id='word_1_116' title='bbox 1093 2254 1179 2342; x_wconf 76' lang='grc' dir='ltr'>ὑπὲρ</span> <span class='ocrx_word' id='word_1_117' title='bbox 1212 2265 1327 2324; x_wconf 78' lang='grc' dir='ltr'><strong><em>πᾶσαν</em></strong></span> <span class='ocrx_word' id='word_1_118' title='bbox 1355 2260 1456 2347; x_wconf 78' lang='grc' dir='ltr'><strong><em>τιμὴν</em></strong></span> 
     </span>
     <span class='ocr_line' id='line_1_17' title="bbox 333 2351 1457 2440; baseline 0.002 -20"><span class='ocrx_word' id='word_1_119' title='bbox 333 2358 387 2420; x_wconf 83' lang='grc' dir='ltr'><strong><em>καὶ</em></strong></span> <span class='ocrx_word' id='word_1_120' title='bbox 417 2351 559 2435; x_wconf 78' lang='grc' dir='ltr'><strong><em>ἀλλαχοῦ</em></strong></span> <span class='ocrx_word' id='word_1_121' title='bbox 587 2352 784 2440; x_wconf 79' lang='grc' dir='ltr'><strong><em>δεδήλωται,</em></strong></span> <span class='ocrx_word' id='word_1_122' title='bbox 829 2356 962 2421; x_wconf 86' lang='lat' dir='ltr'>Wexius</span> <span class='ocrx_word' id='word_1_123' title='bbox 991 2354 1034 2420; x_wconf 88' lang='lat' dir='ltr'>ad</span> <span class='ocrx_word' id='word_1_124' title='bbox 1054 2355 1157 2439; x_wconf 70' lang='lat' dir='ltr'>soph.</span> <span class='ocrx_word' id='word_1_125' title='bbox 1181 2357 1255 2421; x_wconf 77' lang='lat' dir='ltr'>Ant.</span> <span class='ocrx_word' id='word_1_126' title='bbox 1279 2359 1339 2421; x_wconf 81' lang='lat'>867</span> <span class='ocrx_word' id='word_1_127' title='bbox 1371 2357 1457 2422; x_wconf 86' lang='lat' dir='ltr'>hunc</span> 
     </span>
     <span class='ocr_line' id='line_1_18' title="bbox 331 2451 1456 2536; baseline 0 -19"><span class='ocrx_word' id='word_1_128' title='bbox 331 2472 422 2518; x_wconf 91' lang='lat' dir='ltr'>usum</span> <span class='ocrx_word' id='word_1_129' title='bbox 452 2451 601 2535; x_wconf 84' lang='lat' dir='ltr'>exemplo</span> <span class='ocrx_word' id='word_1_130' title='bbox 634 2452 810 2518; x_wconf 86' lang='lat' dir='ltr'>illustravit</span> <span class='ocrx_word' id='word_1_131' title='bbox 843 2472 860 2517; x_wconf 91' lang='lat' dir='ltr'>e</span> <span class='ocrx_word' id='word_1_132' title='bbox 889 2452 1088 2518; x_wconf 76' lang='lat' dir='ltr'>Dicaearcho</span> <span class='ocrx_word' id='word_1_133' title='bbox 1121 2459 1248 2536; x_wconf 87' lang='lat' dir='ltr'>sumpto</span> <span class='ocrx_word' id='word_1_134' title='bbox 1280 2471 1311 2535; x_wconf 90' lang='lat' dir='ltr'>p.</span> <span class='ocrx_word' id='word_1_135' title='bbox 1335 2455 1375 2516; x_wconf 82' lang='lat'>22</span> <span class='ocrx_word' id='word_1_136' title='bbox 1404 2452 1456 2518; x_wconf 89' lang='lat' dir='ltr'>ed.</span> 
     </span>
     <span class='ocr_line' id='line_1_19' title="bbox 332 2545 1456 2637; baseline -0.001 -23"><span class='ocrx_word' id='word_1_137' title='bbox 332 2549 451 2615; x_wconf 84' lang='lat' dir='ltr'>Manzi:</span> <span class='ocrx_word' id='word_1_138' title='bbox 487 2546 529 2612; x_wconf 82' lang='grc' dir='ltr'>τὰ</span> <span class='ocrx_word' id='word_1_139' title='bbox 551 2546 715 2632; x_wconf 82' lang='grc' dir='ltr'><strong><em>γενόμενα</em></strong></span> <span class='ocrx_word' id='word_1_140' title='bbox 738 2546 857 2637; x_wconf 79' lang='grc' dir='ltr'><strong><em>ἕκτης</em></strong></span> <span class='ocrx_word' id='word_1_141' title='bbox 879 2555 939 2634; x_wconf 76' lang='grc' dir='ltr'>γῆς</span> <span class='ocrx_word' id='word_1_142' title='bbox 955 2547 1066 2613; x_wconf 78' lang='grc' dir='ltr'><strong><em>πάντα</em></strong></span> <span class='ocrx_word' id='word_1_143' title='bbox 1089 2545 1234 2637; x_wconf 81' lang='grc' dir='ltr'><strong><em>ἀτίμητα</em></strong></span> <span class='ocrx_word' id='word_1_144' title='bbox 1256 2551 1314 2614; x_wconf 83' lang='grc' dir='ltr'><strong><em>καὶ</em></strong></span> <span class='ocrx_word' id='word_1_145' title='bbox 1336 2556 1456 2635; x_wconf 79' lang='grc' dir='ltr'><strong><em>πρῶτα</em></strong></span> 
     </span>
     <span class='ocr_line' id='line_1_20' title="bbox 331 2644 1455 2734; baseline 0.001 -23"><span class='ocrx_word' id='word_1_146' title='bbox 331 2654 371 2734; x_wconf 78' lang='grc' dir='ltr'>τῇ</span> <span class='ocrx_word' id='word_1_147' title='bbox 393 2644 527 2731; x_wconf 78' lang='grc' dir='ltr'><em>γενέσει</em></span> <span class='ocrx_word' id='word_1_148' title='bbox 548 2646 602 2710; x_wconf 90' lang='lat' dir='ltr'>ubi</span> <span class='ocrx_word' id='word_1_149' title='bbox 624 2646 735 2711; x_wconf 85' lang='lat' dir='ltr'>vertit:</span> <span class='ocrx_word' id='word_1_150' title='bbox 759 2645 978 2712; x_wconf 76' lang='lat' dir='ltr'>onochiltzbor.</span> <span class='ocrx_word' id='word_1_151' title='bbox 1022 2646 1091 2710; x_wconf 89' lang='lat' dir='ltr'>Hoc</span> <span class='ocrx_word' id='word_1_152' title='bbox 1113 2666 1254 2728; x_wconf 82' lang='lat' dir='ltr'>quoque,</span> <span class='ocrx_word' id='word_1_153' title='bbox 1278 2646 1455 2729; x_wconf 85' lang='lat' dir='ltr'>siquidem</span> 
     </span>
     <span class='ocr_line' id='line_1_21' title="bbox 331 2742 1455 2828; baseline 0.001 -18"><span class='ocrx_word' id='word_1_154' title='bbox 331 2744 546 2810; x_wconf 84' lang='lat' dir='ltr'>necessarium</span> <span class='ocrx_word' id='word_1_155' title='bbox 573 2750 636 2825; x_wconf 89' lang='lat' dir='ltr'>est,</span> <span class='ocrx_word' id='word_1_156' title='bbox 667 2750 823 2810; x_wconf 88' lang='lat' dir='ltr'>enatura</span> <span class='ocrx_word' id='word_1_157' title='bbox 851 2744 952 2828; x_wconf 91' lang='lat' dir='ltr'>alpha</span> <span class='ocrx_word' id='word_1_158' title='bbox 977 2742 1128 2827; x_wconf 86' lang='lat' dir='ltr'>privativi</span> <span class='ocrx_word' id='word_1_159' title='bbox 1149 2744 1244 2809; x_wconf 86' lang='lat' dir='ltr'>facile</span> <span class='ocrx_word' id='word_1_160' title='bbox 1267 2745 1455 2828; x_wconf 82' lang='lat' dir='ltr'>explicatur.</span> 
     </span>
     <span class='ocr_line' id='line_1_22' title="bbox 333 2838 1457 2927; baseline 0 -20"><span class='ocrx_word' id='word_1_161' title='bbox 333 2842 415 2907; x_wconf 89' lang='lat' dir='ltr'>Nam</span> <span class='ocrx_word' id='word_1_162' title='bbox 438 2860 510 2905; x_wconf 90' lang='lat' dir='ltr'>cum</span> <span class='ocrx_word' id='word_1_163' title='bbox 539 2838 701 2927; x_wconf 82' lang='grc' dir='ltr'><strong><em>ἀτίμητος</em></strong></span> <span class='ocrx_word' id='word_1_164' title='bbox 729 2841 858 2926; x_wconf 87' lang='lat' dir='ltr'>proprie</span> <span class='ocrx_word' id='word_1_165' title='bbox 879 2841 921 2906; x_wconf 89' lang='lat' dir='ltr'>sit</span> <span class='ocrx_word' id='word_1_166' title='bbox 950 2861 1036 2918; x_wconf 84' lang='lat' dir='ltr'>„non</span> <span class='ocrx_word' id='word_1_167' title='bbox 1058 2840 1275 2923; x_wconf 83' lang='lat' dir='ltr'>aestimatus“,</span> <span class='ocrx_word' id='word_1_168' title='bbox 1298 2842 1457 2907; x_wconf 88' lang='lat' dir='ltr'>contraria</span> 
     </span>
     <span class='ocr_line' id='line_1_23' title="bbox 329 2936 1458 3023; baseline 0.002 -20"><span class='ocrx_word' id='word_1_169' title='bbox 329 2939 406 3005; x_wconf 88' lang='lat' dir='ltr'>inde</span> <span class='ocrx_word' id='word_1_170' title='bbox 422 2936 611 3020; x_wconf 83' lang='lat' dir='ltr'>significatio</span> <span class='ocrx_word' id='word_1_171' title='bbox 630 2939 792 3005; x_wconf 85' lang='lat' dir='ltr'>enucleari</span> <span class='ocrx_word' id='word_1_172' title='bbox 809 2943 931 3023; x_wconf 90' lang='lat' dir='ltr'>potest:</span> <span class='ocrx_word' id='word_1_173' title='bbox 952 2957 1018 3003; x_wconf 91' lang='lat' dir='ltr'>non</span> <span class='ocrx_word' id='word_1_174' title='bbox 1034 2938 1222 3004; x_wconf 87' lang='lat' dir='ltr'>aestimatus</span> <span class='ocrx_word' id='word_1_175' title='bbox 1238 2937 1323 3004; x_wconf 93' lang='lat' dir='ltr'>enim</span> <span class='ocrx_word' id='word_1_176' title='bbox 1340 2938 1458 3021; x_wconf 83' lang='lat' dir='ltr'>aliquis</span> 
     </span>
     <span class='ocr_line' id='line_1_24' title="bbox 311 3034 1458 3118; baseline -0.001 -16"><span class='ocrx_word' id='word_1_177' title='bbox 311 3043 380 3118; x_wconf 62' lang='lat' dir='ltr'>,est</span> <span class='ocrx_word' id='word_1_178' title='bbox 401 3042 458 3101; x_wconf 90' lang='lat' dir='ltr'>aut</span> <span class='ocrx_word' id='word_1_179' title='bbox 479 3034 555 3117; x_wconf 89' lang='lat' dir='ltr'>quia</span> <span class='ocrx_word' id='word_1_180' title='bbox 576 3034 728 3118; x_wconf 81' lang='lat' dir='ltr'>indignus</span> <span class='ocrx_word' id='word_1_181' title='bbox 751 3043 800 3102; x_wconf 89' lang='lat' dir='ltr'>est</span> <span class='ocrx_word' id='word_1_182' title='bbox 827 3036 1051 3101; x_wconf 87' lang='lat' dir='ltr'>aestimatione</span> <span class='ocrx_word' id='word_1_183' title='bbox 1073 3040 1129 3099; x_wconf 89' lang='lat' dir='ltr'>aut</span> <span class='ocrx_word' id='word_1_184' title='bbox 1150 3035 1226 3117; x_wconf 88' lang='lat' dir='ltr'>quia</span> <span class='ocrx_word' id='word_1_185' title='bbox 1253 3035 1339 3099; x_wconf 92' lang='lat' dir='ltr'>omni</span> <span class='ocrx_word' id='word_1_186' title='bbox 1361 3035 1458 3101; x_wconf 86' lang='lat' dir='ltr'>laude</span> 
     </span>
     <span class='ocr_line' id='line_1_25' title="bbox 330 3130 1455 3217; baseline -0.005 -18"><span class='ocrx_word' id='word_1_187' title='bbox 330 3134 485 3217; x_wconf 86' lang='lat' dir='ltr'>superior,</span> <span class='ocrx_word' id='word_1_188' title='bbox 515 3137 550 3196; x_wconf 90' lang='lat' dir='ltr'>ut</span> <span class='ocrx_word' id='word_1_189' title='bbox 578 3132 742 3198; x_wconf 88' lang='lat' dir='ltr'>aestimari</span> <span class='ocrx_word' id='word_1_190' title='bbox 771 3153 836 3199; x_wconf 92' lang='lat' dir='ltr'>non</span> <span class='ocrx_word' id='word_1_191' title='bbox 858 3132 969 3216; x_wconf 88' lang='lat' dir='ltr'>possit.</span> <span class='ocrx_word' id='word_1_192' title='bbox 1014 3130 1060 3196; x_wconf 78' lang='lat' dir='ltr'>(tf.</span> <span class='ocrx_word' id='word_1_193' title='bbox 1084 3138 1226 3196; x_wconf 90' lang='lat' dir='ltr'>nostrum</span> <span class='ocrx_word' id='word_1_194' title='bbox 1249 3151 1455 3212; x_wconf 79' lang='lat' dir='ltr'>nopemesrcn.</span> 
     </span>
    </p>
   </div>
   <div class='ocr_carea' id='block_1_5' title="bbox 330 3263 1460 4342">
    <p class='ocr_par' dir='ltr' id='par_1_5' title="bbox 330 3263 1460 4342">
     <span class='ocr_line' id='line_1_26' title="bbox 417 3263 738 3351; baseline 0 -18"><span class='ocrx_word' id='word_1_195' title='bbox 417 3271 470 3346; x_wconf 87' lang='grc'>36)</span> <span class='ocrx_word' id='word_1_196' title='bbox 507 3263 738 3351; x_wconf 82' lang='grc' dir='ltr'><strong><em>ἀτρύγετος</em></strong></span> 
     </span>
     <span class='ocr_line' id='line_1_27' title="bbox 330 3382 1456 3469; baseline -0.004 -18"><span class='ocrx_word' id='word_1_197' title='bbox 330 3386 419 3469; x_wconf 86' lang='lat' dir='ltr'>apud</span> <span class='ocrx_word' id='word_1_198' title='bbox 440 3385 612 3450; x_wconf 90' lang='lat' dir='ltr'>Homerum</span> <span class='ocrx_word' id='word_1_199' title='bbox 635 3393 684 3451; x_wconf 90' lang='lat' dir='ltr'>est</span> <span class='ocrx_word' id='word_1_200' title='bbox 706 3387 871 3469; x_wconf 88' lang='lat' dir='ltr'>epitheton</span> <span class='ocrx_word' id='word_1_201' title='bbox 893 3382 992 3448; x_wconf 88' lang='lat' dir='ltr'>maris</span> <span class='ocrx_word' id='word_1_202' title='bbox 1013 3388 1110 3464; x_wconf 87' lang='lat' dir='ltr'>atque</span> <span class='ocrx_word' id='word_1_203' title='bbox 1126 3382 1275 3448; x_wconf 87' lang='lat' dir='ltr'>aetheris.</span> <span class='ocrx_word' id='word_1_204' title='bbox 1306 3382 1456 3448; x_wconf 86' lang='lat' dir='ltr'>Veterum</span> 
     </span>
     <span class='ocr_line' id='line_1_28' title="bbox 330 3479 1457 3566; baseline -0.004 -16"><span class='ocrx_word' id='word_1_205' title='bbox 330 3484 611 3566; x_wconf 79' lang='lat' dir='ltr'>grammaticorum</span> <span class='ocrx_word' id='word_1_206' title='bbox 648 3483 792 3566; x_wconf 88' lang='lat' dir='ltr'>plerique</span> <span class='ocrx_word' id='word_1_207' title='bbox 828 3483 889 3548; x_wconf 90' lang='lat' dir='ltr'>hoo</span> <span class='ocrx_word' id='word_1_208' title='bbox 926 3480 1117 3545; x_wconf 84' lang='lat' dir='ltr'>vocabulum</span> <span class='ocrx_word' id='word_1_209' title='bbox 1150 3500 1170 3545; x_wconf 87' lang='lat' dir='ltr'>a</span> <span class='ocrx_word' id='word_1_210' title='bbox 1202 3479 1301 3545; x_wconf 89' lang='lat' dir='ltr'>verbo</span> <span class='ocrx_word' id='word_1_211' title='bbox 1334 3486 1457 3563; x_wconf 78' lang='grc' dir='ltr'><strong><em>τρυγᾶν</em></strong></span> 
     </span>
     <span class='ocr_line' id='line_1_29' title="bbox 334 3575 1456 3664; baseline -0.003 -19"><span class='ocrx_word' id='word_1_212' title='bbox 334 3580 497 3647; x_wconf 81' lang='lat' dir='ltr'>derivasse</span> <span class='ocrx_word' id='word_1_213' title='bbox 520 3580 684 3664; x_wconf 88' lang='lat' dir='ltr'>videntur,</span> <span class='ocrx_word' id='word_1_214' title='bbox 714 3587 749 3645; x_wconf 89' lang='lat' dir='ltr'>ut</span> <span class='ocrx_word' id='word_1_215' title='bbox 776 3587 861 3646; x_wconf 88' lang='lat' dir='ltr'>esset</span> <span class='ocrx_word' id='word_1_216' title='bbox 883 3577 1139 3655; x_wconf 84' lang='lat' dir='ltr'>„infructuosus“</span> <span class='ocrx_word' id='word_1_217' title='bbox 1171 3575 1223 3650; x_wconf 79' lang='lat' dir='ltr'>(cf.</span> <span class='ocrx_word' id='word_1_218' title='bbox 1245 3577 1307 3660; x_wconf 87' lang='lat' dir='ltr'>Ap.</span> <span class='ocrx_word' id='word_1_219' title='bbox 1330 3581 1381 3660; x_wconf 83' lang='grc'>46,</span> <span class='ocrx_word' id='word_1_220' title='bbox 1405 3582 1456 3660; x_wconf 87' lang='grc'>20,</span> 
     </span>
     <span class='ocr_line' id='line_1_30' title="bbox 334 3673 1458 3761; baseline -0.003 -18"><span class='ocrx_word' id='word_1_221' title='bbox 334 3678 442 3761; x_wconf 81' lang='lat' dir='ltr'>Eurip.</span> <span class='ocrx_word' id='word_1_222' title='bbox 476 3696 527 3760; x_wconf 93' lang='lat' dir='ltr'>ap.</span> <span class='ocrx_word' id='word_1_223' title='bbox 562 3678 661 3744; x_wconf 90' lang='lat' dir='ltr'>schol.</span> <span class='ocrx_word' id='word_1_224' title='bbox 695 3678 758 3743; x_wconf 88' lang='lat' dir='ltr'>AB</span> <span class='ocrx_word' id='word_1_225' title='bbox 789 3677 833 3743; x_wconf 90' lang='lat' dir='ltr'>ad</span> <span class='ocrx_word' id='word_1_226' title='bbox 867 3678 988 3756; x_wconf 87' lang='grc'>027),</span> <span class='ocrx_word' id='word_1_227' title='bbox 1022 3673 1226 3741; x_wconf 85' lang='lat' dir='ltr'>Herodianus</span> <span class='ocrx_word' id='word_1_228' title='bbox 1254 3694 1307 3757; x_wconf 89' lang='lat' dir='ltr'>ap.</span> <span class='ocrx_word' id='word_1_229' title='bbox 1337 3676 1388 3741; x_wconf 85' lang='lat' dir='ltr'>Et.</span> <span class='ocrx_word' id='word_1_230' title='bbox 1416 3676 1458 3741; x_wconf 90' lang='lat' dir='ltr'>M.</span> 
     </span>
     <span class='ocr_line' id='line_1_31' title="bbox 340 3766 1459 3857; baseline -0.002 -18"><span class='ocrx_word' id='word_1_231' title='bbox 340 3779 405 3853; x_wconf 81' lang='lat'><strong>167,</strong></span> <span class='ocrx_word' id='word_1_232' title='bbox 430 3778 470 3839; x_wconf 83' lang='lat'>30</span> <span class='ocrx_word' id='word_1_233' title='bbox 504 3773 590 3840; x_wconf 81' lang='lat' dir='ltr'>idem</span> <span class='ocrx_word' id='word_1_234' title='bbox 622 3795 693 3842; x_wconf 83' lang='lat' dir='ltr'>esse</span> <span class='ocrx_word' id='word_1_235' title='bbox 724 3774 825 3840; x_wconf 81' lang='lat' dir='ltr'>voluit</span> <span class='ocrx_word' id='word_1_236' title='bbox 854 3771 940 3855; x_wconf 86' lang='lat' dir='ltr'>quod</span> <span class='ocrx_word' id='word_1_237' title='bbox 973 3766 1114 3857; x_wconf 86' lang='grc' dir='ltr'><strong><em>ἀτροτος</em></strong></span> <span class='ocrx_word' id='word_1_238' title='bbox 1142 3770 1291 3854; x_wconf 80' lang='lat' dir='ltr'>invictus,</span> <span class='ocrx_word' id='word_1_239' title='bbox 1332 3767 1459 3837; x_wconf 87' lang='grc' dir='ltr'><strong><em>ἀκατα-</em></strong></span> 
     </span>
     <span class='ocr_line' id='line_1_32' title="bbox 337 3864 1458 3957; baseline -0.002 -21"><span class='ocrx_word' id='word_1_240' title='bbox 337 3869 482 3957; x_wconf 78' lang='grc' dir='ltr'><strong><em>πόνητος</em></strong></span> <span class='ocrx_word' id='word_1_241' title='bbox 510 3870 657 3937; x_wconf 88' lang='lat' dir='ltr'>invictus.</span> <span class='ocrx_word' id='word_1_242' title='bbox 706 3872 777 3937; x_wconf 89' lang='lat' dir='ltr'>Huc</span> <span class='ocrx_word' id='word_1_243' title='bbox 804 3869 945 3953; x_wconf 87' lang='lat' dir='ltr'>pertinet</span> <span class='ocrx_word' id='word_1_244' title='bbox 967 3864 1145 3952; x_wconf 72' lang='grc' dir='ltr'><strong><em>ἀτρύγετος</em></strong></span> <span class='ocrx_word' id='word_1_245' title='bbox 1174 3874 1306 3954; x_wconf 89' lang='lat' dir='ltr'>propter</span> <span class='ocrx_word' id='word_1_246' title='bbox 1333 3870 1458 3935; x_wconf 87' lang='lat' dir='ltr'>tertiam</span> 
     </span>
     <span class='ocr_line' id='line_1_33' title="bbox 334 3965 1460 4054; baseline -0.003 -20"><span class='ocrx_word' id='word_1_247' title='bbox 334 3968 584 4054; x_wconf 84' lang='lat' dir='ltr'>explicationem</span> <span class='ocrx_word' id='word_1_248' title='bbox 615 3967 850 4053; x_wconf 86' lang='lat' dir='ltr'>ineptissimam</span> <span class='ocrx_word' id='word_1_249' title='bbox 883 3965 970 4050; x_wconf 88' lang='lat' dir='ltr'>apud</span> <span class='ocrx_word' id='word_1_250' title='bbox 997 3966 1098 4032; x_wconf 90' lang='lat' dir='ltr'>schol.</span> <span class='ocrx_word' id='word_1_251' title='bbox 1132 3967 1159 4031; x_wconf 82' lang='grc' dir='ltr'>Ε</span> <span class='ocrx_word' id='word_1_252' title='bbox 1192 3965 1235 4031; x_wconf 88' lang='lat' dir='ltr'>ed</span> <span class='ocrx_word' id='word_1_253' title='bbox 1262 3968 1369 4047; x_wconf 82' lang='grc' dir='ltr'>β370</span> <span class='ocrx_word' id='word_1_254' title='bbox 1400 3965 1460 4031; x_wconf 78' lang='grc' dir='ltr'>τὸν</span> 
     </span>
     <span class='ocr_line' id='line_1_34' title="bbox 336 4060 1457 4153; baseline -0.004 -24"><span class='ocrx_word' id='word_1_255' title='bbox 336 4064 492 4153; x_wconf 79' lang='grc' dir='ltr'><strong><em>πολλὴν</em></strong></span> <span class='ocrx_word' id='word_1_256' title='bbox 514 4063 618 4149; x_wconf 84' lang='grc' dir='ltr'><strong><em>τρύγα</em></strong></span> <span class='ocrx_word' id='word_1_257' title='bbox 639 4062 716 4153; x_wconf 79' lang='grc' dir='ltr'><strong><em>ἤτοι</em></strong></span> <span class='ocrx_word' id='word_1_258' title='bbox 737 4063 885 4142; x_wconf 77' lang='grc' dir='ltr'><strong><em>πολλοὺς</em></strong></span> <span class='ocrx_word' id='word_1_259' title='bbox 907 4061 1059 4149; x_wconf 78' lang='grc' dir='ltr'><strong><em>καρποὺς</em></strong></span> <span class='ocrx_word' id='word_1_260' title='bbox 1082 4060 1210 4143; x_wconf 72' lang='grc' dir='ltr'><strong><em>ἔχοντα,</em></strong></span> <span class='ocrx_word' id='word_1_261' title='bbox 1233 4060 1288 4125; x_wconf 75' lang='grc' dir='ltr'><strong><em>ἵνα</em></strong></span> <span class='ocrx_word' id='word_1_262' title='bbox 1311 4064 1457 4145; x_wconf 80' lang='grc' dir='ltr'><strong><em>σημαίνῃ</em></strong></span> 
     </span>
     <span class='ocr_line' id='line_1_35' title="bbox 338 4154 1460 4246; baseline -0.003 -21"><span class='ocrx_word' id='word_1_263' title='bbox 338 4161 373 4225; x_wconf 77' lang='grc' dir='ltr'>τὸ</span> <span class='ocrx_word' id='word_1_264' title='bbox 396 4188 417 4227; x_wconf 88' lang='grc' dir='ltr'><strong><em>α</em></strong></span> <span class='ocrx_word' id='word_1_265' title='bbox 440 4161 654 4243; x_wconf 71' lang='grc' dir='ltr'><strong><em>ἐπίτασιν,</em></strong></span> <span class='ocrx_word' id='word_1_266' title='bbox 683 4168 828 4246; x_wconf 87' lang='lat' dir='ltr'>quartam</span> <span class='ocrx_word' id='word_1_267' title='bbox 858 4161 969 4227; x_wconf 92' lang='lat' dir='ltr'>omitto</span> <span class='ocrx_word' id='word_1_268' title='bbox 1000 4181 1042 4226; x_wconf 83' lang='lat' dir='ltr'>ex</span> <span class='ocrx_word' id='word_1_269' title='bbox 1069 4178 1133 4241; x_wconf 88' lang='lat' dir='ltr'>qua</span> <span class='ocrx_word' id='word_1_270' title='bbox 1160 4158 1202 4222; x_wconf 91' lang='lat' dir='ltr'>sit</span> <span class='ocrx_word' id='word_1_271' title='bbox 1229 4154 1322 4233; x_wconf 81' lang='lat' dir='ltr'>„sine</span> <span class='ocrx_word' id='word_1_272' title='bbox 1349 4154 1460 4222; x_wconf 84' lang='lat' dir='ltr'>laece“</span> 
     </span>
     <span class='ocr_line' id='line_1_36' title="bbox 340 4252 1460 4342; baseline -0.003 -21"><span class='ocrx_word' id='word_1_273' title='bbox 340 4258 360 4321; x_wconf 87' lang='lat' dir='ltr'>i.</span> <span class='ocrx_word' id='word_1_274' title='bbox 376 4278 403 4326; x_wconf 91' lang='lat' dir='ltr'>e.</span> <span class='ocrx_word' id='word_1_275' title='bbox 425 4258 620 4339; x_wconf 85' lang='lat' dir='ltr'>„infinitus“.</span> <span class='ocrx_word' id='word_1_276' title='bbox 665 4262 734 4327; x_wconf 86' lang='lat' dir='ltr'>Nec</span> <span class='ocrx_word' id='word_1_277' title='bbox 754 4258 859 4342; x_wconf 82' lang='lat' dir='ltr'>magis</span> <span class='ocrx_word' id='word_1_278' title='bbox 880 4258 965 4323; x_wconf 89' lang='lat' dir='ltr'>inter</span> <span class='ocrx_word' id='word_1_279' title='bbox 987 4276 1022 4323; x_wconf 89' lang='lat' dir='ltr'>se</span> <span class='ocrx_word' id='word_1_280' title='bbox 1044 4254 1247 4323; x_wconf 89' lang='lat' dir='ltr'>consentiunt</span> <span class='ocrx_word' id='word_1_281' title='bbox 1268 4252 1460 4319; x_wconf 81' lang='lat' dir='ltr'>recentiores</span> 
     </span>
    </p>
   </div>
   <div class='ocr_carea' id='block_1_6' title="bbox 0 0 1800 5334">
    <p class='ocr_par' dir='ltr' id='par_1_6' title="bbox 0 0 1800 5334">
     <span class='ocr_line' id='line_1_37' title="bbox 0 0 1800 5334; baseline 0 0"><span class='ocrx_word' id='word_1_282' title='bbox 0 0 1800 5334; x_wconf 95' lang='lat' dir='ltr'> </span> 
     </span>
    </p>
   </div>
  </div>
 </body>
</html>
