3575 5334
284 396 346 457 374
772 395 920 451 Bechstein

368 569 545 632 rorulentos
583 571 697 644 (roso-j
736 564 904 649 Prudent,
942 566 1034 632 Mart.
1072 565 1160 650 (lap,
1198 566 1404 630 amarulentus

283 671 433 743 (ornare)
456 665 550 747 dett,
578 665 729 747 Macrcb,
758 664 939 728 purulentus
961 668 1080 742 (curo-j
1106 663 1270 745 Proderit,
1299 682 1406 725 emau-

284 765 384 827 lentus
406 766 540 840 (coeno-j
568 762 712 843 Tertull,
742 762 932 825 merulentus
959 767 1088 841 (mero-j
1117 762 1278 845 Fulgent,
1306 780 1404 823 mucu-

283 863 383 924 lentus
417 864 545 938 (noco-j
581 860 710 941 Amob,
750 858 913 939 Prudent,
951 857 1040 926 Cael.
1069 862 1156 941 Aur,
1199 859 1407 922 somnolentus

283 963 428 1035 (sonno-j
462 958 566 1039 Apul,
608 958 719 1039 Solia,
756 958 933 1019 suculentos
960 961 1072 1035 (suco-j
1102 958 1208 1042 Apul,
1246 956 1405 1034 Prudent,

285 1057 375 1122 Paul.
392 1056 476 1135 Not,
501 1057 671 1117 purulentus
687 1056 794 1134 (niro-j
811 1054 906 1134 Gall,
923 1053 1078 1135 Cassiod,
1095 1055 1296 1116 coenulentus
1312 1058 1406 1132 (caro,

283 1152 705 1232 currtholin.,P1·udent.,
734 1152 928 1239 florulentus
949 1152 1044 1238 (flos,
1069 1151 1168 1238 stur-j
1191 1151 1305 1233 Solia,
1337 1151 1406 1215 Pm-

284 1249 382 1331 dent,
403 1249 588 1333 jurulentas
610 1249 686 1333 ljos,
703 1249 791 1332 jur-j
815 1248 910 1330 Cels,
934 1250 1094 1331 Prudent,
1114 1249 1302 1333 purulentus
1325 1253 1407 1330 (pus,

278 1353 372 1431 pur-j
387 1347 480 1425 Plin.,
505 1345 598 1428 Cels,
622 1347 743 1427 Seneo,
766 1348 978 1428 sortpullentus
998 1348 1145 1429 (sanpur's)
1160 1344 1319 1424 Scribon,
1341 1365 1406 1406 sor·

285 1444 428 1506 delentos
451 1444 582 1517 (sordes)
606 1444 740 1509 Tertull.

370 1540 428 1605 His
449 1540 643 1623 adjiciantur
665 1542 792 1624 singula
813 1540 991 1624 quaedam,
1014 1560 1146 1622 quorum
1169 1541 1303 1604 nomina
1325 1538 1407 1621 prin-

283 1638 402 1720 cipalia
423 1659 488 1702 non
511 1638 666 1703 existunt:
1305 1651 1307 1655 '
1346 1691 1348 1696 .

360 1734 558 1818 foetulentus
587 1736 637 1807 (cf.
662 1735 787 1818 scotor,
811 1734 956 1818 foetere)
984 1735 1089 1817 Aput,
1119 1734 1252 1816 Arnob,
1288 1753 1406 1795 muren-

284 1836 384 1898 lentus
406 1833 458 1911 (oi.
482 1853 616 1906 marcor,
640 1838 790 1907 marcere)
815 1832 906 1913 Fulg.
928 1832 1029 1915 myth.
1053 1834 1082 1911 2,
1105 1834 1135 1911 8,
1159 1830 1408 1895 obstrudulentum

284 1930 491 2010 (abstrudere)
518 1929 801 2012 Titin.oom.165,
825 1928 1008 1991 temulentus
1031 1927 1080 2001 (ci.
1104 1932 1259 2007 transetum)
1281 1930 1407 1994 Terent.

284 2027 359 2111 Oia,
383 2029 443 2111 al.;
467 2027 505 2092 ol.
529 2027 624 2093 etiam
642 2027 789 2111 petulans
812 2021 947 2111 (potere)
969 2045 1000 2091 v.
1024 2046 1054 2108 p.
1079 2029 1150 2089 362.

368 2125 442 2190 Jam
472 2126 569 2189 oritur
592 2124 736 2206 quaestio
759 2126 876 2207 altera,
906 2122 992 2187 unde
1021 2123 1148 2187 duxerit
1169 2122 1326 2204 originem
1350 2120 1405 2187 sut·

283 2222 380 2287 fixum
414 2231 510 2285 enta.
564 2221 721 2304 Equidem
754 2222 787 2285 in
820 2222 870 2286 his
903 2239 1029 2303 quoque
1059 2220 1230 2303 adjectivis
1264 2219 1405 2286 suffixum

284 2328 370 2393 eruto·
393 2339 458 2383 non
481 2320 586 2383 minus
609 2339 704 2399 quam
725 2318 759 2384 in
782 2318 862 2397 illis,
886 2336 969 2399 quae
992 2336 1089 2400 supra
1110 2317 1335 2397 tractavimus,
1357 2338 1405 2382 no·

283 2415 438 2495 minibus,
468 2414 548 2479 nihii
577 2414 665 2480 aliud
694 2436 765 2482 esse
792 2422 884 2499 puto,
917 2436 1010 2497 quam
1042 2414 1122 2479 iliud
1152 2425 1228 2488 ent·‚
1263 2414 1348 2497 quod
1377 2416 1403 2478 in

284 2513 462 2596 participiis
485 2511 660 2578 formandis
688 2512 867 2593 adhibetur,
898 2513 1002 2577 vocali
1025 2533 1043 2575 o
1066 2519 1202 2577 auctum.
1247 2511 1406 2590 Quaeres

284 2608 464 2675 confirmari
493 2609 621 2673 videtur
648 2630 705 2677 sex
734 2611 784 2675 his
812 2610 998 2694 adjectivis,
1028 2629 1111 2692 quac
1137 2631 1203 2675 non
1225 2611 1329 2675 solum
1351 2617 1404 2675 ter·

284 2708 459 2773 minatione
482 2716 576 2779 ento,
606 2706 663 2773 sed
687 2708 784 2774 etiam
806 2707 920 2773 suffixo
943 2716 1010 2769 utt-
1031 2706 1121 2772 finita
1142 2707 1347 2791 reperiuntur
1367 2714 1404 2785 (v.

284 2825 381 2889 supra
404 2827 434 2888 p.
459 2808 514 2869 361
543 2811 575 2869 ct
597 2807 657 2869 364
677 2819 754 2887 squ:

360 2901 590 2985 fraudulentus
605 2937 646 2947 -
658 2902 862 2985 fraudolens,
884 2901 1075 2983 procllentus
1089 2938 1130 2947 —
1143 2903 1311 2984 praebens,
1335 2923 1403 2988 opu·

284 3001 446 3062 lentos-
471 3000 606 3081 opulens,
627 3001 809 3083 prevalentes
831 3034 872 3043 -—
892 3000 1049 3081 pestilens,
1073 2998 1270 3063 turbulentus
1287 3038 1330 3047 -
1344 3012 1403 3065 tar·

283 3096 399 3168 buleus,
423 3096 574 3157 violentus
596 3131 636 3142 —
659 3097 785 3158 violens.
1156 3092 1159 3097 ’

368 3191 458 3268 Quae
486 3193 647 3276 adjectiva
676 3194 911 3277 conjugationis
939 3195 972 3257 in
1002 3215 1019 3255 e
1046 3194 1287 3277 participiorum
1311 3198 1344 3261 vi
1364 3196 1404 3261 in·

283 3289 452 3354 transitiva
480 3289 662 3356 indutorum
690 3293 792 3356 instar
821 3298 894 3356 sunt
916 3291 1068 3355 formata:
1103 3292 1278 3373 proritent,
1306 3294 1404 3377 pruci-

283 3389 384 3449 lentus
406 3407 427 3451 a
448 3384 629 3469 *proclltre
651 3388 682 3466 (i.
706 3408 733 3454 e.
756 3390 906 3469 procr'lern
929 3392 1022 3466 esse),
1049 3390 1206 3471 pestilens,
1225 3392 1405 3472 pestilentus

283 3504 303 3547 a
325 3482 504 3567 *pestilera
528 3488 654 3559 violens,
677 3486 828 3548 uiolentus
850 3506 870 3550 a
891 3483 1034 3548 *uiolare
1063 3485 1132 3554 (sed
1154 3486 1276 3549 violare
1298 3487 1405 3553 transi·

283 3580 382 3645 tivum
406 3586 466 3658 est)
489 3589 542 3646 ott.
588 3583 701 3665 Neque
723 3602 799 3647 vero
822 3584 930 3665 verba,
954 3582 1040 3648 unde
1062 3590 1140 3647 nata
1162 3582 1235 3663 sint,
1260 3584 1407 3651 intrami-

282 3676 351 3741 tiva
372 3678 405 3741 in
428 3689 493 3740 -ere
513 3698 548 3744 re
568 3698 647 3745 vera
668 3681 701 3744 in
723 3688 782 3744 us'u
804 3680 903 3745 fuisse
924 3680 1070 3763 putanda
1092 3686 1182 3761 sunt,
1214 3679 1275 3746 sed
1298 3681 1339 3747 de
1359 3681 1407 3745 his

283 3794 408 3857 quoque
438 3776 614 3858 ceterisque
641 3777 675 3841 in
704 3787 806 3840 -cntus
836 3778 1019 3843 nominibus
1041 3778 1167 3857 valent,
1192 3790 1283 3858 'quae
1312 3796 1407 3862 supra

274 3892 314 3953 p.
327 3874 465 3955 eatsqq.
480 3873 663 3939 nominibus
678 3873 915 3957 participiorum
932 3875 1145 3941 derivatorum
1161 3876 1305 3958 speciem
1319 3894 1404 3962 prae·

283 3968 432 4035 bentibus
454 3971 655 4052 praemonita
677 3978 758 4035 sunt.
