3575 5334
754 698 787 751 de
805 696 887 767 alpha
904 696 1042 752 intensive.
1419 695 1461 755 99

336 868 435 935 sehol.
459 868 497 946 Q.
522 864 691 955 ἀσθενής,
715 865 881 954 ἀπρεπής.
912 871 949 935 V.
973 866 1224 954 ἀσθενέστερος
1250 863 1270 955 ἢ
1293 866 1463 951 προπετέ-

337 987 457 1049 στερος
480 960 501 1051 ἢ
525 961 729 1051 ἀμφότερον.

285 1193 288 1200 Ι
400 1123 421 1165 o
440 1105 500 1167 130
523 1097 621 1168 οὐδὲν
644 1098 926 1188 ἀκιδνότερον
949 1116 1029 1187 γαῖα
1051 1108 1171 1189 τρέφει
1194 1100 1396 1185 ἀνθρώποιο

337 1238 477 1323 Hesyeh.
500 1233 760 1324 ἀσθενέστερον,
781 1237 1087 1325 ταλαιπωρότερον,
1111 1235 1321 1324 ἀθλιώτερον
1339 1242 1372 1302 et
1389 1236 1462 1301 κιδ-

338 1342 510 1421 νοτέροος·
545 1331 823 1421 ἀσθενεστέρους.
868 1339 962 1404 Hane
995 1338 1154 1423 duplicem
1184 1338 1318 1401 formam
1347 1331 1460 1411 κιδνός

337 1443 368 1501 et
395 1430 537 1511 ἀκιδνός
568 1471 609 1481 -
642 1443 806 1520 oxytonon
840 1436 925 1503 enim
954 1444 1002 1503 est
1029 1437 1203 1503 seeundum
1237 1432 1460 1500 austeritatem

336 1534 614 1615 grammaticorum
629 1571 670 1581 -
692 1536 885 1601 recentiores
907 1535 1098 1618 interpretes
1120 1533 1283 1617 explicare
1304 1550 1374 1595 oum
1397 1536 1462 1595 stu-

338 1628 464 1711 derent,
495 1631 613 1695 autad
636 1632 735 1715 alpha
756 1632 952 1698 intensivum
974 1632 1185 1715 confugerunt
1205 1637 1240 1696 ut
1263 1630 1461 1693 Duentzerus

338 1727 376 1792 ad
401 1749 422 1791 σ
448 1731 508 1792 130
537 1734 593 1793 aut
619 1727 662 1793 ad
692 1730 904 1813 euphonioum
928 1736 962 1794 ut
984 1729 1199 1794 Doederlinus
1221 1733 1276 1792 aut
1298 1726 1339 1791 de
1360 1725 1462 1808 alpha

337 1825 466 1890 omnino
491 1825 701 1909 desperarunt
723 1835 757 1892 ut
781 1828 941 1912 Benleyus
964 1827 981 1890 I
1006 1830 1075 1908 170,
1102 1845 1293 1909 quamquam
1316 1822 1461 1907 plerique

337 1922 476 1987 radioem
500 1942 571 1988 esse
593 1924 649 1988 κιδ
671 1925 723 1990 vel
747 1925 825 1988 οκιδ
853 1926 944 1990 verbi
972 1923 1158 1988 alduaodor
1186 1913 1251 1989 sibi'
1274 1939 1461 2005 persuasum

338 2019 510 2085 habebant.
541 2020 606 2085 Sed
627 2021 743 2087 vellem
766 2029 842 2087 ante
858 2023 966 2086 omnia
980 2021 1220 2105 Hesychianum
1242 2017 1323 2082 illud
1346 2013 1461 2091 κιδνός

337 2118 540 2201 abjecissent,
564 2117 650 2200 quod
671 2125 706 2183 ut
727 2120 850 2184 nullum
874 2139 944 2184 esse
963 2119 1131 2184 sanissimo
1149 2116 1272 2199 judicio
1290 2114 1359 2196 jam
1376 2112 1461 2177 Hen-

338 2215 472 2280 niekeus
505 2217 670 2298 perspexit
697 2217 743 2281 ita
771 2238 827 2282 suo
857 2216 931 2299 jure
963 2236 1065 2300 nuper
1092 2216 1193 2280 Maur.
1216 2210 1410 2278 Sohmidtius
1440 2227 1461 2273 a

337 2331 409 2377 vero
426 2312 631 2394 Diogeniano
652 2312 860 2396 abjudicavit.
891 2313 1099 2378 Grammatioi
1123 2311 1206 2377 enim
1230 2313 1365 2385 veteres,
1389 2325 1460 2369 oum

338 2428 566 2490 nonnunquam
600 2410 689 2475 dubii
723 2411 893 2476 haererent
921 2431 983 2494 quo
1016 2411 1161 2475 vocalem
1196 2407 1350 2473 referrent
1378 2419 1461 2484 quae

336 2513 388 2571 aut
410 2504 518 2572 finalis
539 2513 595 2571 aut
616 2507 747 2573 initialis
769 2527 840 2574 esse
868 2515 992 2592 posset,
1020 2508 1116 2573 etiam
1139 2528 1160 2571 σ
1184 2509 1243 2570 130
1271 2498 1460 2567 nesciebant

336 2610 437 2667 utrum
469 2599 592 2668 οὐδένα
614 2602 809 2688 κιδνότερον
834 2626 878 2671 an
908 2602 1005 2671 οὐδὲν
1029 2601 1246 2685 ἀκιδνότερον
1274 2599 1460 2676 seriberent,

337 2720 429 2782 quam
461 2700 692 2766 dubitationem
715 2702 866 2786 Hesychii
889 2703 947 2767 illa
973 2704 1083 2785 glossa
1110 2701 1217 2785 prodit
1245 2692 1460 2779 κιδνοτέροος

337 2790 356 2882 ἢ
378 2794 629 2879 ἀκιδνοτέροος.
663 2801 734 2864 Duo
756 2799 822 2864 alia
846 2799 989 2881 ejusdem
1013 2799 1127 2864 erroris
1150 2797 1298 2879 exempla
1321 2789 1460 2876 (ἀμορό-

337 2918 384 2970 εις
407 2901 440 2960 et
463 2890 625 2979 ἄσπιδής)
650 2896 734 2961 inira
757 2904 984 2980 proponentur,
1013 2917 1097 2962 nuno
1119 2897 1220 2962 solum
1244 2886 1382 2966 ἀκιδνός
1404 2888 1461 2952 ad-

332 2991 484 3072 jeotivum
501 2993 728 3075 explicandum
751 3001 808 3074 est,
832 2994 917 3075 quod
933 3015 997 3058 non
1013 2994 1123 3059 dubito
1138 3014 1158 3057 a
1172 2992 1271 3074 stirpe
1287 2985 1382 3051 ἀκι-δ
1397 2985 1461 3050 sul·

336 3087 395 3154 lixo
418 3088 609 3154 secundario
633 3090 795 3172 derivare,
820 3099 854 3156 ut
875 3092 931 3156 sit:
969 3099 1096 3170 aculus,
1125 3089 1245 3168 tenuis,
1267 3083 1460 3149 imbecillus.
1513 3124 1515 3126 .

336 3185 368 3251 Si
390 3185 586 3270 persuadere
610 3188 687 3252 milri
710 3208 837 3271 possem
859 3187 946 3271 apud
969 3187 1099 3252 Hesiod.
1123 3206 1197 3269 opp.
1221 3187 1282 3248 435

399 3344 533 3432 δάφνης
556 3341 577 3434 ἢ
601 3344 744 3433 πτελέης
767 3344 1024 3431 ἀκιρώτατοι
1047 3346 1225 3430 ἱστοβοῆες

336 3518 397 3563 non
420 3494 605 3562 ἀκιώτατοι
630 3499 834 3565 seribendum
857 3521 943 3582 esse,
974 3501 1034 3566 hoo
1056 3518 1181 3582 quoque
1203 3496 1393 3562 vocabulum
1416 3494 1458 3559 ad

336 3595 464 3678 stirpem
498 3589 555 3659 ἀκι
589 3594 702 3661 suffixo
731 3621 770 3679 ρο
800 3598 963 3679 referrem,
996 3606 1030 3662 ut
1061 3618 1174 3663 sensus
1207 3603 1305 3662 esset:
1343 3591 1458 3673 tenuis,

334 3693 471 3773 gracilis,
495 3692 552 3757 sed
576 3713 640 3757 non
663 3692 768 3759 minus
791 3693 888 3759 dubia
911 3696 1004 3761 leotio
1028 3703 1075 3761 est
1096 3714 1191 3776 quam
1212 3691 1301 3775 apud
1323 3691 1457 3755 Theoor.

335 3792 382 3870 28,
410 3794 459 3853 15.

417 3934 449 4008 6)
488 3927 626 4015 ἀλέγω

332 4077 380 4142 Et.
397 4076 440 4141 M.
454 4078 506 4155 58,
524 4078 563 4139 43
579 4070 687 4157 ἀλέγω
704 4072 797 4159 παρὰ
813 4074 851 4139 τό
866 4072 951 4159 λέγω
966 4075 1051 4156 μετὰ
1067 4083 1139 4142 τοῦ
1155 4075 1408 4143 ἒπιτατικοῦ
1424 4094 1456 4135 α.

333 4172 437 4256 Epim.
455 4172 526 4237 185
549 4170 587 4234 τό
611 4194 633 4234 α
655 4177 711 4236 νῦν
734 4168 811 4235 κατ’
838 4169 1072 4259 ἔνταόξησίν
1095 4173 1187 4241 ἐστιν
1211 4173 1249 4239 οὐ
1273 4168 1358 4237 κατὰ
1381 4164 1458 4231 στέ-

332 4292 428 4355 ρησιν
454 4266 548 4362 παρὰ
571 4265 609 4333 τό
632 4264 718 4352 λέγω
740 4267 778 4333 τό
803 4268 982 4354 φροντίζω.
1027 4272 1130 4337 Aliter
1145 4271 1244 4336 solrol.
1262 4273 1287 4336 E
1303 4270 1345 4335 ad
1362 4263 1457 4344 {268

864 4396 866 4400 .
1216 4370 1252 4421 7*
