3575 5334
580 761 585 771 ι
639 696 672 751 de
689 697 803 753 dialecto
821 697 915 752 Attica
932 698 1086 753 vetustiore.
1120 697 1141 751 Ι.
1390 697 1448 759 301

414 879 588 952 sequuntur
609 876 677 951 μέν,
703 873 791 951 πρίν,
816 866 881 945 ξύν,
905 872 983 933 -θεν
1005 869 1196 935 terminatio.

327 1002 495 1088 μὲμπόλις
521 1010 592 1086 442,
616 1019 640 1071 9.

328 1101 505 1185 μὲμψυχάς
527 1107 599 1184 442,
623 1118 647 1168 5.

329 1202 496 1283 μὲγχρυσᾶ
519 1203 605 1281 323,
629 1214 667 1263 27.

919 1298 997 1378 πρὶν
1021 1295 1193 1362 παύεσθαι
1217 1299 1295 1365 alb.
1318 1311 1341 1361 8.

330 1396 476 1477 πρὶμμέν
500 1398 571 1461 381.

329 1490 452 1574 ξύμμέν
476 1498 526 1575 46,
549 1506 574 1558 6.

327 1584 703 1676 Ἀλωπεκῆθεμπρῶτος
729 1594 812 1674 naq,
841 1602 864 1653 6.

918 1686 1091 1770 [medlo-lar
1113 1687 1218 1775 χρόνῳ
1245 1695 1313 1771 105,
1336 1701 1360 1754 2.

414 1841 453 1905 In
475 1841 552 1922 hoc,
582 1861 676 1923 quem
699 1840 794 1906 modo
821 1841 1026 1923 transiluisti,
1056 1843 1203 1924 catalogo
1231 1844 1453 1926 componendo

329 1958 521 2021 quamquam
549 1937 584 2001 id
613 1939 678 2021 egi,
708 1945 743 2003 ut
771 1930 879 2003 omnia
902 1939 1052 2022 exempla
1080 1957 1317 2020 enumerarem,
1346 1948 1454 2007 tamen

329 2042 384 2100 aut
411 2034 535 2100 nullum
564 2043 622 2100 aut
647 2055 750 2119 panea
778 2035 861 2117 lore,
894 2055 977 2117 quae
1006 2055 1057 2101 me
1082 2034 1237 2117 fugerint,
1267 2035 1321 2100 vix
1343 2038 1453 2104 audeo

329 2152 470 2216 sperare.
514 2133 573 2199 sed
602 2153 672 2199 cum
701 2135 734 2198 in
757 2141 925 2215 utramque
953 2140 1077 2216 partem
1098 2151 1200 2214 aeque
1222 2152 1274 2198 me
1302 2153 1453 2218 peccasse

328 2231 396 2297 veri
425 2230 529 2296 simile
558 2230 616 2311 eit,
647 2232 781 2297 fortasse
812 2231 1025 2313 collectionis,
1059 2249 1154 2312 quam
1182 2230 1320 2312 institui,
1354 2232 1452 2315 aliqui

328 2329 450 2394 fruetus
483 2347 554 2394 esse
587 2334 707 2411 potest,
745 2327 893 2392 nimirum
927 2328 1086 2409 tan-tulus,
1122 2328 1294 2410 quantulus
1325 2331 1359 2393 in
1395 2331 1452 2394 tali

329 2444 449 2508 genere
478 2426 568 2491 solet.
612 2445 705 2491 nemo
735 2424 819 2492 enim
849 2425 1000 2509 exempla
1028 2424 1192 2507 utriusque
1219 2424 1354 2491 rationis
1380 2426 1454 2492 scri·

329 2520 427 2588 bendi
464 2522 547 2589 inter
583 2543 618 2589 se
654 2524 772 2590 collata
808 2522 908 2589 oculis
947 2529 1125 2607 percurret,
1170 2522 1245 2606 quin
1282 2532 1454 2606 cognoscat

330 2640 485 2686 summam
523 2620 620 2687 fuisse
656 2620 689 2685 in
726 2620 777 2687 his
814 2621 909 2687 rebus
946 2621 1158 2705 lapicidarum
1196 2620 1453 2687 inconstantiam.

329 2738 389 2784 nec
410 2725 521 2784 tames
541 2726 617 2802 puto
641 2738 830 2801 quemquam
852 2719 955 2785 latere
983 2737 1078 2803 posse
1099 2718 1265 2800 aliquanto
1287 2720 1453 2786 certiorem

329 2815 608 2897 consuetudinem,
653 2835 734 2898 quae
772 2817 805 2880 in
841 2817 1006 2882 nonnullis
1041 2815 1142 2881 literis
1178 2816 1325 2882 valuerit.
1380 2837 1453 2883 nam

329 2914 466 2979 labiales
489 2923 704 2980 consonantes
726 2915 877 2980 maiorem
896 2914 961 2978 vim
982 2911 1193 2978 assimulandi
1215 2911 1338 2979 habent
1359 2935 1454 2997 quam

329 3011 521 3094 gutturales,
556 3011 642 3092 quod
674 3011 833 3077 scribendi
866 3012 991 3076 ratione
1018 3009 1171 3073 facillime
1199 3011 1393 3093 explicatur,
1427 3013 1454 3075 si

330 3107 458 3190 quidem
481 3130 509 3189 y,
538 3128 633 3190 quam
662 3116 737 3174 ante
765 3110 943 3191 gutturales
972 3128 1029 3190 pro
1058 3105 1237 3171 ascribere
1265 3106 1381 3173 Graeci
1409 3109 1455 3173 in·
1528 3137 1530 3140 >

330 3212 517 3287 sueverant,
541 3225 561 3270 a
583 3212 698 3271 natura
719 3206 832 3272 literae
855 3205 977 3271 nasalis
999 3203 1126 3286 longius
1148 3202 1241 3267 abest
1263 3223 1357 3284 quam
1381 3229 1414 3284 μ.
1437 3230 1454 3267 v

330 3323 406 3369 vero
429 3304 655 3386 paragogicam
678 3305 898 3370 assimulatam
916 3321 1072 3384 nusquam
1088 3299 1202 3384 reperi,
1227 3299 1312 3381 quod
1335 3303 1454 3385 optime

331 3400 466 3483 quadrat
499 3400 541 3465 ad
574 3400 677 3466 levem
712 3407 743 3466 et
780 3401 870 3483 quasi
904 3398 1097 3466 subditivam
1131 3398 1196 3461 vim
1233 3417 1271 3463 ac
1307 3406 1454 3464 naturam

330 3497 424 3563 huius
446 3499 570 3564 literae.

793 3603 997 3614 —————-—-

415 3701 510 3767 Talia
538 3701 605 3766 fere
633 3706 721 3782 sunt,
758 3721 840 3783 quae
870 3721 910 3767 ex
938 3701 995 3764 illo
1025 3700 1171 3781 catalogo
1201 3699 1279 3764 disci
1309 3704 1454 3783 possunt.

332 3819 412 3882 quae
445 3800 472 3864 si
505 3799 665 3880 laborem,
703 3818 796 3881 quem
836 3799 865 3863 ei
898 3797 1095 3864 conficiendo
1128 3797 1305 3880 impertiri,
1342 3817 1453 3880 parum

331 3897 561 3980 aequiparant,
595 3903 681 3961 certe
709 3917 746 3961 eo
775 3895 878 3978 magis
909 3896 1007 3977 digna
1035 3902 1123 3971 sunt,
1158 3914 1215 3977 per
1248 3913 1330 3975 quae
1361 3893 1454 3959 tinem

333 3995 446 4060 faciam
469 3993 527 4058 toti
549 3992 632 4073 huic,
657 3993 786 4075 quaein
805 3994 861 4058 tali
884 4011 1002 4074 genere
1018 4011 1088 4057 esse
1111 3990 1229 4072 debuit,
1252 3987 1455 4075 μικρολογίᾳ.

333 4096 454 4157 restant
481 4109 561 4156 sane
592 4092 763 4172 nonnulla,
798 4110 880 4172 quae
913 4089 953 4154 de
986 4088 1199 4154 declinatione
1232 4088 1396 4154 nominum
1425 4096 1457 4152 et

333 4189 500 4254 verborum
524 4194 555 4252 et
578 4187 618 4252 de
641 4189 737 4254 totius
767 4188 894 4253 dialecti
919 4187 1042 4251 Atticae
1073 4194 1186 4251 natura
1214 4184 1351 4249 dicenda
1379 4185 1457 4247 milri

333 4304 570 4369 proposueram.
