3575 5334
771 418 803 471 de
822 416 908 485 alpha·
920 416 1061 470 intensive.
1453 414 1471 473 9

349 590 472 669 largam
496 589 680 669 analogiam
708 595 908 671 proponant,
941 608 979 652 eo
1011 596 1119 653 tamen
1147 590 1285 653 maxime
1307 587 1473 669 falluntur,

348 684 444 767 quod.
456 686 621 767 utriusque
642 686 773 769 linguae
788 685 1007 750 diversissima
1023 685 1180 750 vocabula
1193 686 1277 751 iuter
1291 706 1326 751 se
1341 688 1474 753 miscere

349 790 387 849 et·
402 782 601 848 confundere
622 783 728 848 solent
748 782 837 848 nullo
861 782 973 847 ordine
996 782 1152 865 disposita
1173 784 1326 865 nulloque
1351 783 1473 865 judicio

347 880 497 945 discreta.
528 881 625 961 Atqui
647 881 681 945 id
704 880 875 962 diligenter
897 879 1074 944 cavendum
1099 888 1176 945 erat.
1220 881 1258 941 In
1280 882 1473 946 intensivum

343 976 415 1058 jam
446 976 621 1058 antiquitus
657 979 825 1059 linguae
853 978 1027 1043 Latinae
1055 979 1205 1042 tributum
1235 996 1306 1043 csse
1340 986 1474 1043 testatur

347 1073 441 1137 Paul.
459 1093 510 1156 ep.
527 1075 552 1138 F
555 1082 612 1139 est.
629 1096 660 1157 p.
681 1078 738 1139 108
762 1075 811 1140 his
834 1075 956 1140 verbis:
979 1077 1016 1137 in
1039 1097 1099 1138 non
1122 1096 1244 1159 semper
1266 1075 1473 1137 rrbnaiticnem

345 1169 521 1253 sipnificut,
560 1171 617 1233 sed
655 1173 808 1233 interdurn
842 1178 935 1234 etiarn
973 1193 1033 1256 pro
1068 1174 1229 1235 adnitenda
1260 1174 1400 1255 ponitur,
1440 1183 1476 1235 nt

346 1268 590 1346 involando,
629 1269 898 1347 inclamando,
939 1270 1162 1332 invocando
1195 1278 1227 1335 et
1256 1291 1287 1352 p.
1313 1274 1388 1334 109:
1434 1272 1473 1332 in

334 1365 543 1449 praepositio
576 1365 733 1448 siprtificat
766 1368 872 1445 niodo,
906 1368 991 1450 qnod
1017 1388 1095 1445 trote,
1129 1378 1163 1429 ut
1190 1369 1347 1445 inimicus,
1382 1369 1472 1430 morlo

340 1464 532 1540 auctionem,
556 1473 592 1525 nt
611 1464 858 1541 inclamavit,
889 1465 979 1527 rrrodo
1003 1465 1063 1541 abi,
1087 1486 1147 1548 qno
1171 1465 1327 1543 temtatur,
1357 1474 1393 1526 at
1412 1467 1472 1527 in·
1504 1468 1508 1477 '

339 1561 496 1637 currit,
525 1561 632 1637 inodo,
663 1560 716 1623 nbi
736 1563 791 1644 pai
809 1564 865 1639 sit,
897 1571 929 1623 at
953 1562 1162 1626 irtambalo.
1207 1561 1277 1641 Quo
1299 1563 1332 1627 in
1355 1583 1473 1645 genere

336 1657 499 1722 mirabile
527 1677 591 1721 non
619 1658 714 1723 debet
736 1658 838 1724 videri
867 1668 993 1726 veteres
1017 1661 1258 1741 grammaticos,
1289 1680 1352 1742 qua
1382 1669 1473 1726 erant

335 1756 529 1836 linguarum
554 1756 684 1837 originis
707 1775 745 1821 ac
767 1765 901 1821 naturae
924 1758 1103 1837 inscientia,
1127 1760 1158 1818 r'n
1180 1758 1365 1839 negativum
1389 1765 1421 1823 et
1442 1760 1472 1820 in

333 1851 619 1935 praepositionem
660 1854 758 1935 plane
791 1874 856 1917 non
887 1854 1087 1933 distinxisse,
1120 1850 1202 1918 illud
1232 1856 1338 1936 potius
1366 1856 1473 1919 mirari

331 1967 516 2032 possemus
545 1949 640 2014 ctiam
670 1952 864 2016 recentiores
893 1959 1037 2017 veterum
1070 1953 1264 2033 collegarum
1301 1958 1473 2017 sectatores

329 2049 373 2111 in
401 2066 440 2111 re
463 2054 528 2111 tam
552 2054 664 2129 aperta
686 2069 751 2113 non
782 2050 854 2130 plus
883 2049 1013 2130 vidisse,
1044 2049 1106 2113 nisi
1135 2049 1263 2131 saepius
1291 2049 1474 2114 acciderent

329 2144 477 2211 similia.
522 2144 587 2209 Sed
615 2145 736 2210 nonin
765 2165 876 2211 omnes
904 2147 990 2212 idem
1013 2147 1108 2212 cadit.
1153 2146 1236 2210 Nam
1259 2145 1473 2211 Doederlinus

329 2241 478 2325 quidem
508 2261 578 2324 syn.
610 2249 641 2307 et
675 2244 804 2326 etymol.
828 2244 938 2308 Latl
968 2251 1025 2325 45,
1059 2245 1109 2308 Ill
1139 2247 1200 2307 222
1232 2244 1394 2308 notionem
1427 2244 1474 2309 in·

328 2339 509 2405 tensivam
532 2358 550 2403 e
572 2340 732 2421 privativa
760 2340 829 2405 sola
857 2341 1018 2407 deducere
1044 2341 1151 2407 studet
1179 2342 1296 2407 omissa
1325 2342 1356 2402 in
1385 2362 1474 2424 prae·

330 2435 526 2519 positione,
549 2437 607 2501 sed
629 2438 743 2507 mirum
766 2446 823 2520 est,
848 2447 984 2520 quantos
1006 2438 1154 2504 inciderit
1174 2439 1208 2503 in
1231 2457 1364 2505 errores.
1409 2440 1471 2520 Sic,

332 2548 373 2602 ut
410 2536 555 2618 exempli
583 2536 684 2600 instar
712 2536 772 2599 hoc
801 2556 898 2599 unum
927 2536 1075 2618 afferam,
1109 2538 1250 2598 immonis
1280 2536 1405 2601 derivat
1431 2540 1473 2601 ab

334 2635 511 2719 adjectivo
534 2653 661 2715 magnus
683 2642 715 2698 et
742 2633 783 2697 ab
808 2634 839 2694 in
861 2634 918 2697 illo
945 2634 1076 2715 quidem
1096 2633 1182 2717 quod
1203 2634 1351 2699 videatur
1372 2634 1473 2700 inten-

337 2736 415 2798 sivo
438 2729 499 2795 sed
521 2748 655 2795 revera
677 2730 851 2812 privativo,
875 2739 983 2813 spreta
1005 2740 1148 2798 veterum
1171 2732 1395 2815 explicatione,
1419 2734 1472 2814 qui

341 2827 540 2894 vocabulum
564 2827 773 2910 compositum
795 2846 867 2892 esse
889 2834 975 2894 recte
1001 2830 1230 2895 intellexerunt
1252 2847 1270 2893 e
1292 2828 1395 2910 prisco
1417 2829 1473 2893 ad·

342 2925 467 3008 jectivo
490 2927 596 2985 nonus
618 2925 764 3000 ,bonus“
787 2933 880 2989 etex
902 2927 934 2986 in
956 2927 1116 3007 negativo.
1164 2923 1250 3002 Quid
1272 2924 1374 2990 vero‘l
1411 2944 1473 3006 qua

347 3022 473 3088 ratione
503 3038 521 3085 e
550 3010 711 3103 privativa
738 3021 797 3086 illa
825 3020 1057 3102 significatione
1083 3023 1168 3101 sive,
1198 3028 1232 3085 ut
1260 3021 1305 3086 ait
1333 3023 1473 3089 Doeder-

348 3120 448 3197 linns,
479 3117 733 3199 edepravativa
754 3118 916 3205 intensiva
942 3120 1031 3184 nasci
1060 3118 1209 3202 poterat?
1245 3120 1394 3184 nimirum
1415 3121 1470 3201 ita,

351 3223 380 3281 ut
404 3215 528 3298 optima
550 3233 695 3297 quaeque
716 3223 749 3280 et
770 3215 1042 3295 laudabilissima,
1071 3219 1099 3281 si
1120 3216 1220 3281 nimia
1241 3216 1320 3297 sint,
1343 3218 1377 3280 in
1400 3237 1472 3283 con-

351 3314 480 3378 trarium
504 3313 585 3377 verti
611 3321 769 3395 putemus.
814 3314 973 3396 Exempla
993 3315 1091 3396 vulgo
1113 3314 1289 3379 afferuntur
1317 3313 1472 3396 informis,

352 3409 548 3486 intestabilis,
579 3411 694 3492 inpono,
724 3412 860 3488 incanus,
891 3409 978 3492 apud
1001 3412 1246 3476 Drakenborch.
1269 3409 1311 3474 ad
1341 3411 1410 3475 Liv.
1433 3414 1471 3476 T.

352 3508 397 3572 lll
420 3529 452 3591 p.
477 3510 539 3571 400
562 3506 714 3590 impotens
735 3506 853 3584 ,valde
875 3513 1011 3589 potens“
1033 3509 1161 3589 aliaque
1181 3527 1295 3591 pauca.

433 3604 555 3669 Horum
577 3604 815 3686 vocabulorum
836 3603 984 3686 informis
1004 3613 1037 3670 et
1058 3604 1240 3667 intestabilis
1262 3625 1333 3669 cum
1356 3607 1387 3665 in
1409 3608 1473 3689 pri-

353 3702 457 3768 vativo
488 3704 665 3786 composita
693 3720 764 3768 esse
793 3701 887 3766 facile
909 3701 1121 3783 intellegitur:
1157 3701 1306 3784 informis
1335 3709 1393 3783 est,
1422 3704 1472 3767 cui

353 3796 450 3865 forma
473 3801 540 3865 scil.
565 3800 699 3882 pulchra
727 3806 824 3880 atque
852 3799 986 3880 elegans
1016 3818 1079 3863 nou
1108 3806 1171 3880 est,
1195 3798 1388 3877 intestabiles,
1418 3802 1472 3880 qni

354 3896 438 3963 testis
467 3915 539 3962 esse
560 3899 613 3962 vel
638 3903 863 3962 testamentum
892 3896 998 3961 facere
1021 3916 1084 3960 non
1115 3903 1275 3980 potestat
1299 3896 1383 3977 legg.
1407 3896 1472 3959 Xll

355 3994 414 4057 tab.
437 3992 488 4060 ed.
509 3992 669 4058 Satellius
691 4014 722 4075 p.
741 3995 810 4073 149,
833 3996 874 4055 22
898 3994 952 4076 qai
972 4014 1005 4054 se
1027 3995 1117 4055 sterit
1138 3998 1286 4055 testarier
1308 3991 1472 4073 libripens-
