<?xml version="1.0" encoding="UTF-8"?>
<!DOCTYPE html PUBLIC "-//W3C//DTD XHTML 1.0 Transitional//EN"
    "http://www.w3.org/TR/xhtml1/DTD/xhtml1-transitional.dtd">
<html xmlns="http://www.w3.org/1999/xhtml" xml:lang="en" lang="en">
 <head>
  <title>
</title>
<meta http-equiv="Content-Type" content="text/html;charset=utf-8" />
  <meta name='ocr-system' content='tesseract 3.04.00' />
  <meta name='ocr-capabilities' content='ocr_page ocr_carea ocr_par ocr_line ocrx_word'/>
</head>
<body>
  <div class='ocr_page' id='page_1' title='image "./studienzurgriec00curtgoog_0224.png"; bbox 0 0 3575 5334; ppageno 0'>
   <div class='ocr_carea' id='block_1_1' title="bbox 394 710 1030 776">
    <p class='ocr_par' dir='ltr' id='par_1_1' title="bbox 394 710 1030 776">
     <span class='ocr_line' id='line_1_1' title="bbox 394 710 1030 776; baseline -0.002 -11"><span class='ocrx_word' id='word_1_1' title='bbox 394 715 458 776; x_wconf 81' lang='lat'><strong>214</strong></span> <span class='ocrx_word' id='word_1_2' title='bbox 891 710 1030 765; x_wconf 81' lang='lat' dir='ltr'><strong>Merzdorf</strong></span> 
     </span>
    </p>
   </div>
   <div class='ocr_carea' id='block_1_2' title="bbox 345 881 1526 3601">
    <p class='ocr_par' dir='ltr' id='par_1_2' title="bbox 345 881 1525 2512">
     <span class='ocr_line' id='line_1_2' title="bbox 397 881 1524 971; baseline -0.011 -15"><span class='ocrx_word' id='word_1_3' title='bbox 397 886 554 971; x_wconf 83' lang='grc' dir='ltr'><strong><em>εὐνοῦχος</em></strong></span> <span class='ocrx_word' id='word_1_4' title='bbox 586 885 719 968; x_wconf 89' lang='lat' dir='ltr'><strong>ubique,</strong></span> <span class='ocrx_word' id='word_1_5' title='bbox 756 881 953 969; x_wconf 79' lang='grc' dir='ltr'><strong><em>Φαρνούχης</em></strong></span> <span class='ocrx_word' id='word_1_6' title='bbox 984 883 1044 948; x_wconf 91' lang='lat' dir='ltr'><strong>VII</strong></span> <span class='ocrx_word' id='word_1_7' title='bbox 1067 886 1106 949; x_wconf 84' lang='lat'><strong>88</strong></span> <span class='ocrx_word' id='word_1_8' title='bbox 1137 885 1224 963; x_wconf 82' lang='lat' dir='ltr'><strong>(ter),</strong></span> <span class='ocrx_word' id='word_1_9' title='bbox 1258 881 1314 947; x_wconf 89' lang='lat' dir='ltr'><strong>ubi</strong></span> <span class='ocrx_word' id='word_1_10' title='bbox 1347 882 1477 965; x_wconf 80' lang='lat' dir='ltr'><strong>spirans</strong></span> <span class='ocrx_word' id='word_1_11' title='bbox 1509 905 1524 944; x_wconf 83' lang='lat' dir='ltr'><strong>r</strong></span> 
     </span>
     <span class='ocr_line' id='line_1_3' title="bbox 395 979 1523 1068; baseline -0.01 -15"><span class='ocrx_word' id='word_1_12' title='bbox 395 986 523 1065; x_wconf 82' lang='lat' dir='ltr'><strong>(Grdz.³</strong></span> <span class='ocrx_word' id='word_1_13' title='bbox 537 1006 568 1068; x_wconf 89' lang='lat' dir='ltr'><strong>p.</strong></span> <span class='ocrx_word' id='word_1_14' title='bbox 584 988 653 1059; x_wconf 98' lang='grc'>182)</span> <span class='ocrx_word' id='word_1_15' title='bbox 670 983 741 1067; x_wconf 92' lang='lat' dir='ltr'><strong>jam</strong></span> <span class='ocrx_word' id='word_1_16' title='bbox 762 981 984 1064; x_wconf 78' lang='lat' dir='ltr'><strong>antIquissimo</strong></span> <span class='ocrx_word' id='word_1_17' title='bbox 1006 988 1151 1064; x_wconf 89' lang='lat' dir='ltr'><strong>tempore</strong></span> <span class='ocrx_word' id='word_1_18' title='bbox 1172 979 1314 1061; x_wconf 88' lang='lat' dir='ltr'><strong>evanuit,</strong></span> <span class='ocrx_word' id='word_1_19' title='bbox 1337 985 1523 1063; x_wconf 82' lang='grc' dir='ltr'><strong><em>κακοῦργος</em></strong></span> 
     </span>
     <span class='ocr_line' id='line_1_4' title="bbox 397 1075 1524 1165; baseline -0.009 -15"><span class='ocrx_word' id='word_1_20' title='bbox 397 1085 413 1150; x_wconf 95' lang='lat' dir='ltr'>I</span> <span class='ocrx_word' id='word_1_21' title='bbox 431 1088 482 1163; x_wconf 96' lang='grc'><strong>41,</strong></span> <span class='ocrx_word' id='word_1_22' title='bbox 506 1081 591 1165; x_wconf 90' lang='lat' dir='ltr'><strong>quod</strong></span> <span class='ocrx_word' id='word_1_23' title='bbox 613 1082 745 1147; x_wconf 85' lang='lat' dir='ltr'><strong>verbum</strong></span> <span class='ocrx_word' id='word_1_24' title='bbox 768 1080 897 1164; x_wconf 89' lang='lat' dir='ltr'><strong>saepius</strong></span> <span class='ocrx_word' id='word_1_25' title='bbox 919 1078 1070 1144; x_wconf 91' lang='lat' dir='ltr'><strong>usitatum</strong></span> <span class='ocrx_word' id='word_1_26' title='bbox 1092 1078 1189 1143; x_wconf 93' lang='lat' dir='ltr'><strong>Iones</strong></span> <span class='ocrx_word' id='word_1_27' title='bbox 1210 1097 1229 1143; x_wconf 94' lang='lat' dir='ltr'><strong>e</strong></span> <span class='ocrx_word' id='word_1_28' title='bbox 1251 1075 1376 1143; x_wconf 87' lang='lat' dir='ltr'><strong>duobus</strong></span> <span class='ocrx_word' id='word_1_29' title='bbox 1398 1096 1524 1161; x_wconf 90' lang='lat' dir='ltr'><strong>compo-</strong></span> 
     </span>
     <span class='ocr_line' id='line_1_5' title="bbox 394 1174 1523 1261; baseline -0.007 -14"><span class='ocrx_word' id='word_1_30' title='bbox 394 1182 491 1248; x_wconf 91' lang='lat' dir='ltr'><strong>situm</strong></span> <span class='ocrx_word' id='word_1_31' title='bbox 515 1199 586 1245; x_wconf 92' lang='lat' dir='ltr'><strong>esse</strong></span> <span class='ocrx_word' id='word_1_32' title='bbox 607 1179 663 1243; x_wconf 84' lang='lat' dir='ltr'><strong>vix</strong></span> <span class='ocrx_word' id='word_1_33' title='bbox 680 1178 749 1261; x_wconf 90' lang='lat' dir='ltr'><strong>jam</strong></span> <span class='ocrx_word' id='word_1_34' title='bbox 772 1175 966 1257; x_wconf 79' lang='lat' dir='ltr'><strong>sentiebant,</strong></span> <span class='ocrx_word' id='word_1_35' title='bbox 989 1175 1199 1259; x_wconf 77' lang='grc' dir='ltr'><em>ξυλουργέειν</em></span> <span class='ocrx_word' id='word_1_36' title='bbox 1221 1174 1271 1239; x_wconf 89' lang='lat' dir='ltr'><strong>III</strong></span> <span class='ocrx_word' id='word_1_37' title='bbox 1289 1178 1360 1254; x_wconf 86' lang='lat'><strong>113,</strong></span> <span class='ocrx_word' id='word_1_38' title='bbox 1384 1198 1523 1259; x_wconf 84' lang='grc' dir='ltr'><strong><em>κρεουρ-</em></strong></span> 
     </span>
     <span class='ocr_line' id='line_1_6' title="bbox 395 1270 1521 1365; baseline -0.005 -22"><span class='ocrx_word' id='word_1_39' title='bbox 395 1275 499 1365; x_wconf 81' lang='grc' dir='ltr'><strong><em>γηδόν</em></strong></span> <span class='ocrx_word' id='word_1_40' title='bbox 534 1277 582 1341; x_wconf 94' lang='lat' dir='ltr'><strong>III</strong></span> <span class='ocrx_word' id='word_1_41' title='bbox 612 1279 667 1357; x_wconf 85' lang='lat'><strong>13,</strong></span> <span class='ocrx_word' id='word_1_42' title='bbox 708 1270 1010 1360; x_wconf 77' lang='grc' dir='ltr'><strong><em>κατακρεουργήθρ</em></strong></span> <span class='ocrx_word' id='word_1_43' title='bbox 1039 1270 1102 1338; x_wconf 91' lang='lat' dir='ltr'><strong>VII</strong></span> <span class='ocrx_word' id='word_1_44' title='bbox 1132 1277 1188 1339; x_wconf 84' lang='lat'><strong>181</strong></span> <span class='ocrx_word' id='word_1_45' title='bbox 1228 1270 1521 1359; x_wconf 76' lang='grc' dir='ltr'><strong><em>(κατακρεοργήθη</em></strong></span> 
     </span>
     <span class='ocr_line' id='line_1_7' title="bbox 397 1365 1522 1459; baseline -0.004 -20"><span class='ocrx_word' id='word_1_46' title='bbox 397 1376 485 1454; x_wconf 89' lang='lat' dir='ltr'><strong>AB),</strong></span> <span class='ocrx_word' id='word_1_47' title='bbox 507 1369 720 1459; x_wconf 77' lang='grc' dir='ltr'><strong><em>ὑπουργῆσαι</em></strong></span> <span class='ocrx_word' id='word_1_48' title='bbox 735 1372 804 1439; x_wconf 86' lang='lat' dir='ltr'><strong>sim.</strong></span> <span class='ocrx_word' id='word_1_49' title='bbox 820 1371 881 1437; x_wconf 89' lang='lat' dir='ltr'><strong>VH</strong></span> <span class='ocrx_word' id='word_1_50' title='bbox 896 1374 936 1437; x_wconf 83' lang='lat'><strong>38</strong></span> <span class='ocrx_word' id='word_1_51' title='bbox 953 1371 1026 1448; x_wconf 90' lang='lat' dir='ltr'><strong>(bis)</strong></span> <span class='ocrx_word' id='word_1_52' title='bbox 1049 1365 1254 1457; x_wconf 75' lang='grc' dir='ltr'><strong><em>(ὕποργῆοαι</em></strong></span> <span class='ocrx_word' id='word_1_53' title='bbox 1268 1369 1346 1446; x_wconf 86' lang='grc' dir='ltr'><strong>ΑΒ)</strong></span> <span class='ocrx_word' id='word_1_54' title='bbox 1360 1371 1440 1436; x_wconf 88' lang='lat' dir='ltr'>VIII</span> <span class='ocrx_word' id='word_1_55' title='bbox 1455 1375 1522 1435; x_wconf 83' lang='lat'>110.</span> 
     </span>
     <span class='ocr_line' id='line_1_8' title="bbox 399 1465 1524 1555; baseline -0.004 -18"><span class='ocrx_word' id='word_1_56' title='bbox 399 1478 459 1539; x_wconf 88' lang='grc'><strong>143</strong></span> <span class='ocrx_word' id='word_1_57' title='bbox 489 1472 538 1537; x_wconf 86' lang='lat' dir='ltr'>IX</span> <span class='ocrx_word' id='word_1_58' title='bbox 564 1474 623 1537; x_wconf 87' lang='grc'><strong>108</strong></span> <span class='ocrx_word' id='word_1_59' title='bbox 657 1465 915 1555; x_wconf 79' lang='grc' dir='ltr'><strong><em>(ὖποργημοὶτων</em></strong></span> <span class='ocrx_word' id='word_1_60' title='bbox 938 1468 996 1546; x_wconf 83' lang='lat' dir='ltr'><strong>R),</strong></span> <span class='ocrx_word' id='word_1_61' title='bbox 1031 1466 1201 1551; x_wconf 75' lang='grc' dir='ltr'><strong><em>ἱρουργίαι</em></strong></span> <span class='ocrx_word' id='word_1_62' title='bbox 1230 1466 1258 1531; x_wconf 91' lang='lat' dir='ltr'>V</span> <span class='ocrx_word' id='word_1_63' title='bbox 1287 1470 1327 1533; x_wconf 86' lang='lat'><strong>83</strong></span> <span class='ocrx_word' id='word_1_64' title='bbox 1361 1466 1524 1554; x_wconf 82' lang='grc' dir='ltr'><strong><em>(ἱροργίαι</em></strong></span> 
     </span>
     <span class='ocr_line' id='line_1_9' title="bbox 396 1564 1523 1653; baseline -0.003 -20"><span class='ocrx_word' id='word_1_65' title='bbox 396 1568 498 1648; x_wconf 82' lang='lat' dir='ltr'><strong>ABG,</strong></span> <span class='ocrx_word' id='word_1_66' title='bbox 523 1568 689 1653; x_wconf 82' lang='grc' dir='ltr'><strong><em>ἱροεργίαι</em></strong></span> <span class='ocrx_word' id='word_1_67' title='bbox 707 1567 793 1632; x_wconf 90' lang='lat' dir='ltr'><strong>male</strong></span> <span class='ocrx_word' id='word_1_68' title='bbox 808 1564 1016 1646; x_wconf 85' lang='lat' dir='ltr'><strong>Dindorfius),</strong></span> <span class='ocrx_word' id='word_1_69' title='bbox 1038 1585 1122 1647; x_wconf 85' lang='lat' dir='ltr'><strong>quae</strong></span> <span class='ocrx_word' id='word_1_70' title='bbox 1143 1566 1260 1646; x_wconf 85' lang='lat' dir='ltr'><strong>emula,</strong></span> <span class='ocrx_word' id='word_1_71' title='bbox 1283 1566 1431 1647; x_wconf 84' lang='lat' dir='ltr'><strong>quamvis</strong></span> <span class='ocrx_word' id='word_1_72' title='bbox 1454 1587 1523 1631; x_wconf 90' lang='lat' dir='ltr'><strong>cum</strong></span> 
     </span>
     <span class='ocr_line' id='line_1_10' title="bbox 398 1662 1524 1752; baseline -0.004 -18"><span class='ocrx_word' id='word_1_73' title='bbox 398 1665 496 1752; x_wconf 72' lang='grc' dir='ltr'><strong><em>ἔργον</em></strong></span> <span class='ocrx_word' id='word_1_74' title='bbox 519 1664 712 1749; x_wconf 89' lang='lat' dir='ltr'><strong>composita,</strong></span> <span class='ocrx_word' id='word_1_75' title='bbox 742 1665 872 1730; x_wconf 87' lang='lat' dir='ltr'><strong>notione</strong></span> <span class='ocrx_word' id='word_1_76' title='bbox 893 1664 1027 1745; x_wconf 89' lang='lat' dir='ltr'><strong>antiqua</strong></span> <span class='ocrx_word' id='word_1_77' title='bbox 1047 1662 1192 1746; x_wconf 89' lang='lat' dir='ltr'><strong>paullum</strong></span> <span class='ocrx_word' id='word_1_78' title='bbox 1214 1668 1338 1727; x_wconf 81' lang='lat' dir='ltr'><strong>mutata</strong></span> <span class='ocrx_word' id='word_1_79' title='bbox 1358 1682 1426 1728; x_wconf 92' lang='lat' dir='ltr'><strong>non</strong></span> <span class='ocrx_word' id='word_1_80' title='bbox 1449 1665 1524 1729; x_wconf 92' lang='lat' dir='ltr'><strong>bina</strong></span> 
     </span>
     <span class='ocr_line' id='line_1_11' title="bbox 397 1759 1523 1845; baseline -0.003 -15"><span class='ocrx_word' id='word_1_81' title='bbox 397 1764 498 1830; x_wconf 86' lang='lat' dir='ltr'><strong>verba</strong></span> <span class='ocrx_word' id='word_1_82' title='bbox 520 1782 591 1829; x_wconf 92' lang='lat' dir='ltr'><strong>esse</strong></span> <span class='ocrx_word' id='word_1_83' title='bbox 612 1762 821 1844; x_wconf 84' lang='lat' dir='ltr'><strong>videbantnr3</strong></span> <span class='ocrx_word' id='word_1_84' title='bbox 843 1767 952 1845; x_wconf 88' lang='lat' dir='ltr'><strong>partes</strong></span> <span class='ocrx_word' id='word_1_85' title='bbox 968 1760 1054 1826; x_wconf 89' lang='lat' dir='ltr'><strong>enim</strong></span> <span class='ocrx_word' id='word_1_86' title='bbox 1072 1759 1239 1844; x_wconf 78' lang='lat' dir='ltr'><strong>compositi</strong></span> <span class='ocrx_word' id='word_1_87' title='bbox 1260 1767 1326 1824; x_wconf 92' lang='lat' dir='ltr'><strong>tam</strong></span> <span class='ocrx_word' id='word_1_88' title='bbox 1348 1768 1420 1827; x_wconf 91' lang='lat' dir='ltr'><strong>arte</strong></span> <span class='ocrx_word' id='word_1_89' title='bbox 1441 1761 1523 1827; x_wconf 91' lang='lat' dir='ltr'><strong>inter</strong></span> 
     </span>
     <span class='ocr_line' id='line_1_12' title="bbox 398 1857 1523 1936; baseline 0 -9"><span class='ocrx_word' id='word_1_90' title='bbox 398 1880 434 1927; x_wconf 92' lang='lat' dir='ltr'><strong>se</strong></span> <span class='ocrx_word' id='word_1_91' title='bbox 463 1860 694 1936; x_wconf 88' lang='lat' dir='ltr'><strong>cohaerebant,</strong></span> <span class='ocrx_word' id='word_1_92' title='bbox 729 1866 763 1924; x_wconf 91' lang='lat' dir='ltr'><strong>ut</strong></span> <span class='ocrx_word' id='word_1_93' title='bbox 792 1858 841 1924; x_wconf 91' lang='lat' dir='ltr'><strong>his</strong></span> <span class='ocrx_word' id='word_1_94' title='bbox 869 1858 977 1924; x_wconf 91' lang='lat' dir='ltr'><strong>verbis</strong></span> <span class='ocrx_word' id='word_1_95' title='bbox 1006 1858 1100 1923; x_wconf 91' lang='lat' dir='ltr'><strong>nnius</strong></span> <span class='ocrx_word' id='word_1_96' title='bbox 1129 1857 1278 1923; x_wconf 76' lang='lat' dir='ltr'><strong>vocabuli</strong></span> <span class='ocrx_word' id='word_1_97' title='bbox 1305 1857 1409 1924; x_wconf 91' lang='lat' dir='ltr'><strong>instar</strong></span> <span class='ocrx_word' id='word_1_98' title='bbox 1430 1860 1523 1926; x_wconf 90' lang='lat' dir='ltr'><strong>Iones</strong></span> 
     </span>
     <span class='ocr_line' id='line_1_13' title="bbox 345 1954 1525 2038; baseline 0 -15"><span class='ocrx_word' id='word_1_99' title='bbox 345 1957 358 1979; x_wconf 87' lang='lat'>&#39;</span> <span class='ocrx_word' id='word_1_100' title='bbox 397 1958 611 2034; x_wconf 81' lang='lat' dir='ltr'><strong>uterentur.⁴⁸)</strong></span> <span class='ocrx_word' id='word_1_101' title='bbox 667 1956 717 2021; x_wconf 86' lang='lat' dir='ltr'><strong>Ne</strong></span> <span class='ocrx_word' id='word_1_102' title='bbox 754 1962 879 2021; x_wconf 88' lang='lat' dir='ltr'><strong>ceterae</strong></span> <span class='ocrx_word' id='word_1_103' title='bbox 913 1955 1041 2038; x_wconf 89' lang='lat' dir='ltr'><strong>quidem</strong></span> <span class='ocrx_word' id='word_1_104' title='bbox 1078 1954 1207 2022; x_wconf 79' lang='lat' dir='ltr'><strong>dIaleoti</strong></span> <span class='ocrx_word' id='word_1_105' title='bbox 1239 1954 1300 2021; x_wconf 88' lang='lat' dir='ltr'><strong>sibi</strong></span> <span class='ocrx_word' id='word_1_106' title='bbox 1332 1959 1525 2023; x_wconf 75' lang='lat' dir='ltr'><strong>constabant</strong></span> 
     </span>
     <span class='ocr_line' id='line_1_14' title="bbox 398 2052 1523 2138; baseline 0 -17"><span class='ocrx_word' id='word_1_107' title='bbox 398 2074 503 2138; x_wconf 90' lang='lat' dir='ltr'><strong>neque</strong></span> <span class='ocrx_word' id='word_1_108' title='bbox 524 2055 608 2120; x_wconf 92' lang='lat' dir='ltr'><strong>banc</strong></span> <span class='ocrx_word' id='word_1_109' title='bbox 630 2052 880 2119; x_wconf 87' lang='lat' dir='ltr'><strong>contractionem</strong></span> <span class='ocrx_word' id='word_1_110' title='bbox 902 2053 1144 2135; x_wconf 87' lang='lat' dir='ltr'><strong>aversabantur,</strong></span> <span class='ocrx_word' id='word_1_111' title='bbox 1166 2071 1238 2117; x_wconf 90' lang='lat' dir='ltr'><strong>eum</strong></span> <span class='ocrx_word' id='word_1_112' title='bbox 1253 2058 1426 2135; x_wconf 80' lang='grc' dir='ltr'><strong><em>ωαμῶχος,</em></strong></span> <span class='ocrx_word' id='word_1_113' title='bbox 1451 2054 1523 2121; x_wconf 81' lang='grc' dir='ltr'><strong><em>δαι-</em></strong></span> 
     </span>
     <span class='ocr_line' id='line_1_15' title="bbox 400 2148 1522 2237; baseline -0.001 -19"><span class='ocrx_word' id='word_1_114' title='bbox 400 2152 525 2237; x_wconf 79' lang='grc' dir='ltr'><strong><em>ὂωχορ,</em></strong></span> <span class='ocrx_word' id='word_1_115' title='bbox 555 2156 701 2237; x_wconf 81' lang='grc' dir='ltr'><strong><em>γερωχία</em></strong></span> <span class='ocrx_word' id='word_1_116' title='bbox 729 2148 816 2235; x_wconf 90' lang='lat' dir='ltr'><strong>apud</strong></span> <span class='ocrx_word' id='word_1_117' title='bbox 838 2150 1014 2217; x_wconf 82' lang='lat' dir='ltr'><strong>Dorienses</strong></span> <span class='ocrx_word' id='word_1_118' title='bbox 1044 2150 1132 2229; x_wconf 85' lang='lat' dir='ltr'><strong>(Abr.</strong></span> <span class='ocrx_word' id='word_1_119' title='bbox 1155 2150 1187 2215; x_wconf 86' lang='lat'><strong>11</strong></span> <span class='ocrx_word' id='word_1_120' title='bbox 1208 2154 1282 2229; x_wconf 88' lang='grc'>204)</span> <span class='ocrx_word' id='word_1_121' title='bbox 1310 2158 1416 2218; x_wconf 83' lang='lat' dir='ltr'><strong>exstet</strong></span> <span class='ocrx_word' id='word_1_122' title='bbox 1438 2154 1522 2219; x_wconf 90' lang='lat' dir='ltr'><strong>etin</strong></span> 
     </span>
     <span class='ocr_line' id='line_1_16' title="bbox 398 2246 1523 2331; baseline -0.002 -14"><span class='ocrx_word' id='word_1_123' title='bbox 398 2252 464 2317; x_wconf 82' lang='lat' dir='ltr'><strong>tab.</strong></span> <span class='ocrx_word' id='word_1_124' title='bbox 486 2251 606 2317; x_wconf 88' lang='lat' dir='ltr'><strong>heracl.</strong></span> <span class='ocrx_word' id='word_1_125' title='bbox 628 2251 660 2315; x_wconf 87' lang='lat'><strong>11</strong></span> <span class='ocrx_word' id='word_1_126' title='bbox 683 2252 723 2314; x_wconf 88' lang='grc'><strong>43</strong></span> <span class='ocrx_word' id='word_1_127' title='bbox 754 2246 1006 2331; x_wconf 79' lang='grc' dir='ltr'><strong><em>ἀμωελωργικά,</em></strong></span> <span class='ocrx_word' id='word_1_128' title='bbox 1038 2248 1070 2312; x_wconf 93' lang='lat' dir='ltr'><strong>in</strong></span> <span class='ocrx_word' id='word_1_129' title='bbox 1094 2248 1141 2313; x_wconf 90' lang='lat' dir='ltr'><strong>tit.</strong></span> <span class='ocrx_word' id='word_1_130' title='bbox 1164 2249 1239 2313; x_wconf 91' lang='lat' dir='ltr'><strong>loor.</strong></span> <span class='ocrx_word' id='word_1_131' title='bbox 1261 2270 1307 2314; x_wconf 85' lang='lat' dir='ltr'><strong>oz.</strong></span> <span class='ocrx_word' id='word_1_132' title='bbox 1331 2269 1361 2315; x_wconf 86' lang='lat' dir='ltr'><strong>v.</strong></span> <span class='ocrx_word' id='word_1_133' title='bbox 1388 2254 1427 2314; x_wconf 84' lang='lat'><strong>15</strong></span> <span class='ocrx_word' id='word_1_134' title='bbox 1467 2249 1523 2316; x_wconf 80' lang='grc' dir='ltr'><strong><em>δα-</em></strong></span> 
     </span>
     <span class='ocr_line' id='line_1_17' title="bbox 397 2345 1524 2434; baseline 0 -20"><span class='ocrx_word' id='word_1_135' title='bbox 397 2346 546 2434; x_wconf 83' lang='grc' dir='ltr'><strong><em>μιωργός</em></strong></span> <span class='ocrx_word' id='word_1_136' title='bbox 574 2350 714 2431; x_wconf 84' lang='lat' dir='ltr'><strong>legatur,</strong></span> <span class='ocrx_word' id='word_1_137' title='bbox 744 2365 938 2430; x_wconf 87' lang='lat' dir='ltr'><strong>quamquam</strong></span> <span class='ocrx_word' id='word_1_138' title='bbox 965 2345 1085 2412; x_wconf 87' lang='lat' dir='ltr'><strong>ibidem</strong></span> <span class='ocrx_word' id='word_1_139' title='bbox 1112 2365 1211 2429; x_wconf 86' lang='lat' dir='ltr'><strong>saepe</strong></span> <span class='ocrx_word' id='word_1_140' title='bbox 1233 2346 1397 2430; x_wconf 81' lang='lat' dir='ltr'><strong>digamma</strong></span> <span class='ocrx_word' id='word_1_141' title='bbox 1419 2367 1524 2414; x_wconf 82' lang='lat' dir='ltr'><strong>serva·</strong></span> 
     </span>
     <span class='ocr_line' id='line_1_18' title="bbox 397 2452 546 2512; baseline -0.013 0"><span class='ocrx_word' id='word_1_142' title='bbox 397 2452 465 2512; x_wconf 92' lang='lat' dir='ltr'><strong>tum</strong></span> <span class='ocrx_word' id='word_1_143' title='bbox 487 2452 546 2511; x_wconf 89' lang='lat' dir='ltr'><strong>est.</strong></span> 
     </span>
    </p>

    <p class='ocr_par' dir='ltr' id='par_1_3' title="bbox 388 2538 1526 3601">
     <span class='ocr_line' id='line_1_19' title="bbox 483 2538 1523 2625; baseline 0.001 -18"><span class='ocrx_word' id='word_1_144' title='bbox 483 2543 575 2624; x_wconf 82' lang='lat' dir='ltr'><strong>Item,</strong></span> <span class='ocrx_word' id='word_1_145' title='bbox 598 2562 790 2625; x_wconf 84' lang='lat' dir='ltr'><strong>quamquam</strong></span> <span class='ocrx_word' id='word_1_146' title='bbox 806 2540 988 2607; x_wconf 85' lang='lat' dir='ltr'><strong>Herodotus</strong></span> <span class='ocrx_word' id='word_1_147' title='bbox 1004 2538 1185 2606; x_wconf 78' lang='grc' dir='ltr'><strong><em>νεοάλωτοι</em></strong></span> <span class='ocrx_word' id='word_1_148' title='bbox 1200 2542 1250 2606; x_wconf 86' lang='grc' dir='ltr'><strong>ΙΧ</strong></span> <span class='ocrx_word' id='word_1_149' title='bbox 1266 2545 1325 2606; x_wconf 84' lang='grc'>120</span> <span class='ocrx_word' id='word_1_150' title='bbox 1349 2540 1523 2620; x_wconf 69' lang='lat' dir='ltr'><strong>(aecii-orror</strong></span> 
     </span>
     <span class='ocr_line' id='line_1_20' title="bbox 398 2638 1522 2724; baseline 0.002 -21"><span class='ocrx_word' id='word_1_151' title='bbox 398 2639 451 2703; x_wconf 71' lang='lat' dir='ltr'><strong>Rs</strong></span> <span class='ocrx_word' id='word_1_152' title='bbox 474 2641 564 2706; x_wconf 83' lang='lat' dir='ltr'><strong>Eust.</strong></span> <span class='ocrx_word' id='word_1_153' title='bbox 586 2640 626 2705; x_wconf 83' lang='lat' dir='ltr'><strong>of.</strong></span> <span class='ocrx_word' id='word_1_154' title='bbox 649 2640 728 2705; x_wconf 91' lang='lat' dir='ltr'><strong>Lob.</strong></span> <span class='ocrx_word' id='word_1_155' title='bbox 751 2640 870 2724; x_wconf 90' lang='lat' dir='ltr'><strong>Phryn.</strong></span> <span class='ocrx_word' id='word_1_156' title='bbox 894 2660 925 2722; x_wconf 89' lang='lat' dir='ltr'><strong>p.</strong></span> <span class='ocrx_word' id='word_1_157' title='bbox 945 2642 1027 2720; x_wconf 83' lang='grc'>675),</span> <span class='ocrx_word' id='word_1_158' title='bbox 1051 2638 1135 2723; x_wconf 86' lang='lat' dir='ltr'><strong>quod</strong></span> <span class='ocrx_word' id='word_1_159' title='bbox 1157 2640 1290 2704; x_wconf 87' lang='lat' dir='ltr'><strong>verbum</strong></span> <span class='ocrx_word' id='word_1_160' title='bbox 1312 2642 1522 2723; x_wconf 91' lang='lat' dir='ltr'><strong>compositum</strong></span> 
     </span>
     <span class='ocr_line' id='line_1_21' title="bbox 398 2736 1522 2822; baseline 0.001 -19"><span class='ocrx_word' id='word_1_161' title='bbox 398 2755 471 2803; x_wconf 81' lang='lat' dir='ltr'><strong>esse</strong></span> <span class='ocrx_word' id='word_1_162' title='bbox 491 2756 586 2802; x_wconf 86' lang='lat' dir='ltr'><strong>neme</strong></span> <span class='ocrx_word' id='word_1_163' title='bbox 607 2757 672 2801; x_wconf 91' lang='lat' dir='ltr'><strong>non</strong></span> <span class='ocrx_word' id='word_1_164' title='bbox 700 2737 925 2820; x_wconf 81' lang='lat' dir='ltr'><strong>intellegebat,</strong></span> <span class='ocrx_word' id='word_1_165' title='bbox 955 2736 1051 2818; x_wconf 83' lang='lat' dir='ltr'><strong>dixit,</strong></span> <span class='ocrx_word' id='word_1_166' title='bbox 1084 2737 1119 2801; x_wconf 91' lang='lat' dir='ltr'><strong>in</strong></span> <span class='ocrx_word' id='word_1_167' title='bbox 1144 2738 1390 2822; x_wconf 83' lang='grc' dir='ltr'><strong><em>χειρωναξιέων</em></strong></span> <span class='ocrx_word' id='word_1_168' title='bbox 1413 2739 1462 2804; x_wconf 90' lang='grc' dir='ltr'><strong>ΠΙ</strong></span> <span class='ocrx_word' id='word_1_169' title='bbox 1484 2743 1522 2804; x_wconf 86' lang='grc'><strong>67</strong></span> 
     </span>
     <span class='ocr_line' id='line_1_22' title="bbox 388 2833 1526 2919; baseline 0.007 -24"><span class='ocrx_word' id='word_1_170' title='bbox 388 2833 485 2918; x_wconf 83' lang='lat' dir='ltr'><strong>¹quod</strong></span> <span class='ocrx_word' id='word_1_171' title='bbox 507 2833 639 2899; x_wconf 85' lang='lat' dir='ltr'><strong>verbum</strong></span> <span class='ocrx_word' id='word_1_172' title='bbox 654 2834 792 2919; x_wconf 84' lang='lat' dir='ltr'><strong>simplex</strong></span> <span class='ocrx_word' id='word_1_173' title='bbox 808 2854 879 2901; x_wconf 92' lang='lat' dir='ltr'><strong>esse</strong></span> <span class='ocrx_word' id='word_1_174' title='bbox 902 2833 1080 2916; x_wconf 86' lang='lat' dir='ltr'><strong>videbatur,</strong></span> <span class='ocrx_word' id='word_1_175' title='bbox 1103 2841 1138 2899; x_wconf 91' lang='lat' dir='ltr'><strong>ut</strong></span> <span class='ocrx_word' id='word_1_176' title='bbox 1160 2854 1271 2900; x_wconf 93' lang='lat' dir='ltr'><strong>omnes</strong></span> <span class='ocrx_word' id='word_1_177' title='bbox 1293 2835 1389 2901; x_wconf 88' lang='lat' dir='ltr'><strong>ceteri</strong></span> <span class='ocrx_word' id='word_1_178' title='bbox 1410 2836 1526 2903; x_wconf 82' lang='lat' dir='ltr'><strong>Graeci</strong></span> 
     </span>
     <span class='ocr_line' id='line_1_23' title="bbox 399 2928 1525 3018; baseline 0.001 -20"><span class='ocrx_word' id='word_1_179' title='bbox 399 2931 649 2998; x_wconf 90' lang='lat' dir='ltr'><strong>contractionem</strong></span> <span class='ocrx_word' id='word_1_180' title='bbox 671 2931 810 2998; x_wconf 90' lang='lat' dir='ltr'><strong>admisit.</strong></span> <span class='ocrx_word' id='word_1_181' title='bbox 833 2968 875 2977; x_wconf 93' lang='lat'><em>—</em></span> <span class='ocrx_word' id='word_1_182' title='bbox 899 2931 977 2997; x_wconf 80' lang='lat' dir='ltr'><strong>Cum</strong></span> <span class='ocrx_word' id='word_1_183' title='bbox 999 2932 1033 2997; x_wconf 92' lang='lat' dir='ltr'><strong>in</strong></span> <span class='ocrx_word' id='word_1_184' title='bbox 1053 2928 1240 3018; x_wconf 69' lang='grc' dir='ltr'><strong><em>χειροήθης</em></strong></span> <span class='ocrx_word' id='word_1_185' title='bbox 1264 2932 1390 3009; x_wconf 58' lang='lat' dir='ltr'><strong>(eruas</strong></span> <span class='ocrx_word' id='word_1_186' title='bbox 1405 2954 1437 3018; x_wconf 89' lang='lat' dir='ltr'><strong>p.</strong></span> <span class='ocrx_word' id='word_1_187' title='bbox 1453 2938 1525 3013; x_wconf 91' lang='grc'>236)</span> 
     </span>
     <span class='ocr_line' id='line_1_24' title="bbox 398 3028 1526 3111; baseline 0.001 -16"><span class='ocrx_word' id='word_1_188' title='bbox 398 3028 430 3095; x_wconf 93' lang='grc' dir='ltr'>Π</span> <span class='ocrx_word' id='word_1_189' title='bbox 459 3033 499 3094; x_wconf 81' lang='grc'><strong>69</strong></span> <span class='ocrx_word' id='word_1_190' title='bbox 530 3029 579 3093; x_wconf 92' lang='grc' dir='ltr'><strong>ΠΙ</strong></span> <span class='ocrx_word' id='word_1_191' title='bbox 608 3032 647 3095; x_wconf 90' lang='grc'>28</span> <span class='ocrx_word' id='word_1_192' title='bbox 685 3051 796 3097; x_wconf 90' lang='lat' dir='ltr'><strong>omnes</strong></span> <span class='ocrx_word' id='word_1_193' title='bbox 829 3030 961 3095; x_wconf 89' lang='lat' dir='ltr'><strong>dialecti</strong></span> <span class='ocrx_word' id='word_1_194' title='bbox 993 3029 1209 3111; x_wconf 87' lang='lat' dir='ltr'><strong>consentiant,</strong></span> <span class='ocrx_word' id='word_1_195' title='bbox 1246 3029 1430 3097; x_wconf 90' lang='lat' dir='ltr'><strong>Herodotus</strong></span> <span class='ocrx_word' id='word_1_196' title='bbox 1462 3052 1526 3097; x_wconf 92' lang='lat' dir='ltr'><strong>non</strong></span> 
     </span>
     <span class='ocr_line' id='line_1_25' title="bbox 399 3121 1525 3213; baseline 0.001 -22"><span class='ocrx_word' id='word_1_197' title='bbox 399 3121 617 3213; x_wconf 81' lang='grc' dir='ltr'><strong><em>ὀγδοήκοντα,</em></strong></span> <span class='ocrx_word' id='word_1_198' title='bbox 640 3128 698 3194; x_wconf 92' lang='lat' dir='ltr'><strong>sed</strong></span> <span class='ocrx_word' id='word_1_199' title='bbox 721 3125 914 3212; x_wconf 79' lang='grc' dir='ltr'><strong><em>ὀγδώκοντα</em></strong></span> <span class='ocrx_word' id='word_1_200' title='bbox 937 3127 1155 3211; x_wconf 84' lang='lat' dir='ltr'><strong>pronuntiavit</strong></span> <span class='ocrx_word' id='word_1_201' title='bbox 1177 3128 1205 3205; x_wconf 88' lang='grc' dir='ltr'><strong>(Ι</strong></span> <span class='ocrx_word' id='word_1_202' title='bbox 1226 3131 1285 3192; x_wconf 87' lang='grc'><strong>163</strong></span> <span class='ocrx_word' id='word_1_203' title='bbox 1308 3135 1438 3212; x_wconf 89' lang='lat' dir='ltr'><strong>praeter</strong></span> <span class='ocrx_word' id='word_1_204' title='bbox 1452 3129 1525 3208; x_wconf 90' lang='lat' dir='ltr'><strong>AB,</strong></span> 
     </span>
     <span class='ocr_line' id='line_1_26' title="bbox 401 3225 1525 3304; baseline 0.003 -17"><span class='ocrx_word' id='word_1_205' title='bbox 401 3228 462 3290; x_wconf 88' lang='grc'><strong>176</strong></span> <span class='ocrx_word' id='word_1_206' title='bbox 485 3225 569 3302; x_wconf 82' lang='lat' dir='ltr'><strong>(bisl-</strong></span> <span class='ocrx_word' id='word_1_207' title='bbox 597 3225 1340 3304; x_wconf 79' lang='lat' dir='ltr'><strong>178.18911911122.95(bis)V18.46</strong></span> <span class='ocrx_word' id='word_1_208' title='bbox 1368 3226 1431 3292; x_wconf 90' lang='lat' dir='ltr'><strong>VH</strong></span> <span class='ocrx_word' id='word_1_209' title='bbox 1457 3229 1525 3291; x_wconf 84' lang='grc'><strong>184.</strong></span> 
     </span>
     <span class='ocr_line' id='line_1_27' title="bbox 397 3323 1526 3406; baseline 0.004 -21"><span class='ocrx_word' id='word_1_210' title='bbox 397 3325 460 3387; x_wconf 85' lang='grc'><strong>202</strong></span> <span class='ocrx_word' id='word_1_211' title='bbox 483 3323 559 3387; x_wconf 94' lang='lat' dir='ltr'>VIII</span> <span class='ocrx_word' id='word_1_212' title='bbox 582 3326 609 3389; x_wconf 89' lang='lat'><strong>8.</strong></span> <span class='ocrx_word' id='word_1_213' title='bbox 633 3327 684 3387; x_wconf 87' lang='grc'><strong>44.</strong></span> <span class='ocrx_word' id='word_1_214' title='bbox 708 3327 771 3405; x_wconf 91' lang='grc'>82),</span> <span class='ocrx_word' id='word_1_215' title='bbox 801 3343 883 3406; x_wconf 86' lang='lat' dir='ltr'><strong>quae</strong></span> <span class='ocrx_word' id='word_1_216' title='bbox 905 3323 1007 3388; x_wconf 86' lang='lat' dir='ltr'><strong>forma</strong></span> <span class='ocrx_word' id='word_1_217' title='bbox 1029 3323 1126 3388; x_wconf 91' lang='lat' dir='ltr'><strong>etiam</strong></span> <span class='ocrx_word' id='word_1_218' title='bbox 1148 3344 1169 3389; x_wconf 91' lang='lat' dir='ltr'><strong>a</strong></span> <span class='ocrx_word' id='word_1_219' title='bbox 1190 3325 1303 3406; x_wconf 88' lang='lat' dir='ltr'><strong>poetis,</strong></span> <span class='ocrx_word' id='word_1_220' title='bbox 1327 3343 1462 3406; x_wconf 91' lang='lat' dir='ltr'><strong>quorum</strong></span> <span class='ocrx_word' id='word_1_221' title='bbox 1484 3323 1526 3390; x_wconf 95' lang='lat' dir='ltr'><strong>ad</strong></span> 
     </span>
     <span class='ocr_line' id='line_1_28' title="bbox 397 3415 1526 3506; baseline 0.005 -23"><span class='ocrx_word' id='word_1_222' title='bbox 397 3427 532 3484; x_wconf 93' lang='lat' dir='ltr'><strong>metrum</strong></span> <span class='ocrx_word' id='word_1_223' title='bbox 563 3415 770 3504; x_wconf 77' lang='grc' dir='ltr'><strong><em>ὀγδοήκοντα</em></strong></span> <span class='ocrx_word' id='word_1_224' title='bbox 806 3441 871 3485; x_wconf 94' lang='lat' dir='ltr'><strong>non</strong></span> <span class='ocrx_word' id='word_1_225' title='bbox 900 3419 1095 3506; x_wconf 85' lang='lat' dir='ltr'><strong>quadrabat,</strong></span> <span class='ocrx_word' id='word_1_226' title='bbox 1129 3427 1299 3504; x_wconf 90' lang='lat' dir='ltr'><strong>usurpatur</strong></span> <span class='ocrx_word' id='word_1_227' title='bbox 1329 3421 1368 3486; x_wconf 80' lang='lat' dir='ltr'><strong>ci.</strong></span> <span class='ocrx_word' id='word_1_228' title='bbox 1397 3426 1429 3486; x_wconf 93' lang='lat' dir='ltr'><em>B</em></span> <span class='ocrx_word' id='word_1_229' title='bbox 1453 3426 1526 3489; x_wconf 83' lang='lat'><strong>568.</strong></span> 
     </span>
     <span class='ocr_line' id='line_1_29' title="bbox 398 3516 1470 3601; baseline 0.002 -21"><span class='ocrx_word' id='word_1_230' title='bbox 398 3519 471 3597; x_wconf 78' lang='lat' dir='ltr'><strong>osa,</strong></span> <span class='ocrx_word' id='word_1_231' title='bbox 495 3516 560 3581; x_wconf 81' lang='lat' dir='ltr'><strong>su.</strong></span> <span class='ocrx_word' id='word_1_232' title='bbox 585 3519 636 3598; x_wconf 80' lang='lat' dir='ltr'><strong>ro,</strong></span> <span class='ocrx_word' id='word_1_233' title='bbox 660 3520 689 3581; x_wconf 81' lang='grc' dir='ltr'><strong>ι.</strong></span> <span class='ocrx_word' id='word_1_234' title='bbox 726 3518 846 3584; x_wconf 74' lang='lat' dir='ltr'><strong>armon.</strong></span> <span class='ocrx_word' id='word_1_235' title='bbox 873 3522 942 3601; x_wconf 77' lang='lat' dir='ltr'><strong>mo,</strong></span> <span class='ocrx_word' id='word_1_236' title='bbox 967 3522 995 3582; x_wconf 79' lang='grc' dir='ltr'><strong>ν.</strong></span> <span class='ocrx_word' id='word_1_237' title='bbox 1026 3523 1095 3601; x_wconf 76' lang='grc' dir='ltr'><strong>ιιι,</strong></span> <span class='ocrx_word' id='word_1_238' title='bbox 1120 3522 1148 3584; x_wconf 86' lang='lat' dir='ltr'><strong>c.</strong></span> <span class='ocrx_word' id='word_1_239' title='bbox 1186 3520 1330 3601; x_wconf 71' lang='lat' dir='ltr'><strong>rueogu</strong></span> <span class='ocrx_word' id='word_1_240' title='bbox 1355 3522 1470 3597; x_wconf 63' lang='lat' dir='ltr'><strong>neae)</strong></span> 
     </span>
    </p>
   </div>
   <div class='ocr_carea' id='block_1_3' title="bbox 380 3739 1528 4233">
    <p class='ocr_par' dir='ltr' id='par_1_4' title="bbox 380 3739 1528 4233">
     <span class='ocr_line' id='line_1_30' title="bbox 380 3739 1528 3821; baseline 0.007 -19"><span class='ocrx_word' id='word_1_241' title='bbox 380 3739 389 3757; x_wconf 76' lang='lat'>⁸</span> <span class='ocrx_word' id='word_1_242' title='bbox 467 3749 501 3815; x_wconf 66' lang='grc'><strong>48)</strong></span> <span class='ocrx_word' id='word_1_243' title='bbox 520 3748 645 3803; x_wconf 81' lang='lat' dir='ltr'><strong>Ceterum</strong></span> <span class='ocrx_word' id='word_1_244' title='bbox 656 3749 690 3804; x_wconf 85' lang='lat' dir='ltr'><strong>cf.</strong></span> <span class='ocrx_word' id='word_1_245' title='bbox 699 3750 877 3821; x_wconf 83' lang='lat' dir='ltr'><strong>LobPhryu.</strong></span> <span class='ocrx_word' id='word_1_246' title='bbox 890 3768 916 3820; x_wconf 90' lang='lat' dir='ltr'><strong>p.</strong></span> <span class='ocrx_word' id='word_1_247' title='bbox 926 3756 975 3806; x_wconf 82' lang='grc'><strong>675</strong></span> <span class='ocrx_word' id='word_1_248' title='bbox 986 3767 1044 3820; x_wconf 90' lang='lat' dir='ltr'><strong>squ.</strong></span> <span class='ocrx_word' id='word_1_249' title='bbox 1073 3753 1146 3820; x_wconf 75' lang='lat' dir='ltr'><strong>Quas</strong></span> <span class='ocrx_word' id='word_1_250' title='bbox 1164 3752 1207 3807; x_wconf 89' lang='lat' dir='ltr'><strong>hic</strong></span> <span class='ocrx_word' id='word_1_251' title='bbox 1223 3752 1279 3807; x_wconf 88' lang='lat' dir='ltr'><strong>illic</strong></span> <span class='ocrx_word' id='word_1_252' title='bbox 1298 3752 1405 3808; x_wconf 89' lang='lat' dir='ltr'><strong>codices</strong></span> <span class='ocrx_word' id='word_1_253' title='bbox 1423 3753 1528 3810; x_wconf 80' lang='lat' dir='ltr'><strong>formas</strong></span> 
     </span>
     <span class='ocr_line' id='line_1_31' title="bbox 399 3825 1528 3904; baseline 0.009 -24"><span class='ocrx_word' id='word_1_254' title='bbox 399 3825 520 3901; x_wconf 87' lang='grc' dir='ltr'><strong><em>ἱροργίαι</em></strong></span> <span class='ocrx_word' id='word_1_255' title='bbox 538 3826 694 3897; x_wconf 77' lang='grc' dir='ltr'><strong><em>ὑποργῆσοι</em></strong></span> <span class='ocrx_word' id='word_1_256' title='bbox 712 3831 851 3898; x_wconf 85' lang='lat' dir='ltr'><strong>exhibent,</strong></span> <span class='ocrx_word' id='word_1_257' title='bbox 870 3832 894 3886; x_wconf 89' lang='lat' dir='ltr'><strong>si</strong></span> <span class='ocrx_word' id='word_1_258' title='bbox 912 3832 1036 3901; x_wconf 86' lang='lat' dir='ltr'><strong>pluribus</strong></span> <span class='ocrx_word' id='word_1_259' title='bbox 1053 3833 1204 3888; x_wconf 87' lang='lat' dir='ltr'><strong>niterentur</strong></span> <span class='ocrx_word' id='word_1_260' title='bbox 1221 3833 1345 3898; x_wconf 82' lang='lat' dir='ltr'><strong>testibus,</strong></span> <span class='ocrx_word' id='word_1_261' title='bbox 1363 3850 1413 3904; x_wconf 91' lang='lat' dir='ltr'><strong>pro</strong></span> <span class='ocrx_word' id='word_1_262' title='bbox 1430 3834 1528 3890; x_wconf 86' lang='lat' dir='ltr'><strong>formis</strong></span> 
     </span>
     <span class='ocr_line' id='line_1_32' title="bbox 397 3909 1527 3982; baseline 0.007 -19"><span class='ocrx_word' id='word_1_263' title='bbox 397 3924 460 3964; x_wconf 86' lang='lat' dir='ltr'><strong>vero</strong></span> <span class='ocrx_word' id='word_1_264' title='bbox 478 3909 632 3965; x_wconf 87' lang='lat' dir='ltr'><strong>herodoteis</strong></span> <span class='ocrx_word' id='word_1_265' title='bbox 650 3910 809 3980; x_wconf 86' lang='lat' dir='ltr'><strong>acciperem,</strong></span> <span class='ocrx_word' id='word_1_266' title='bbox 829 3928 889 3966; x_wconf 93' lang='lat' dir='ltr'><strong>cum</strong></span> <span class='ocrx_word' id='word_1_267' title='bbox 900 3918 963 3967; x_wconf 91' lang='lat' dir='ltr'><strong>ante</strong></span> <span class='ocrx_word' id='word_1_268' title='bbox 979 3913 1114 3982; x_wconf 83' lang='lat' dir='ltr'><strong>duplicem</strong></span> <span class='ocrx_word' id='word_1_269' title='bbox 1125 3930 1273 3969; x_wconf 91' lang='lat' dir='ltr'><strong>consonam</strong></span> <span class='ocrx_word' id='word_1_270' title='bbox 1290 3913 1399 3982; x_wconf 89' lang='lat' dir='ltr'><strong>saepius</strong></span> <span class='ocrx_word' id='word_1_271' title='bbox 1417 3917 1527 3971; x_wconf 85' lang='lat' dir='ltr'><strong>vocales</strong></span> 
     </span>
     <span class='ocr_line' id='line_1_33' title="bbox 399 3989 1038 4060; baseline -0.003 -15"><span class='ocrx_word' id='word_1_272' title='bbox 399 3989 581 4059; x_wconf 81' lang='lat' dir='ltr'><strong>corripiantur</strong></span> <span class='ocrx_word' id='word_1_273' title='bbox 599 3989 633 4044; x_wconf 86' lang='lat' dir='ltr'><strong>cf.</strong></span> <span class='ocrx_word' id='word_1_274' title='bbox 652 3989 718 4050; x_wconf 75' lang='grc' dir='ltr'><strong>δέξω</strong></span> <span class='ocrx_word' id='word_1_275' title='bbox 737 3992 860 4060; x_wconf 79' lang='grc' dir='ltr'><strong><em>κρέσσων</em></strong></span> <span class='ocrx_word' id='word_1_276' title='bbox 877 3990 1038 4045; x_wconf 75' lang='grc' dir='ltr'><strong><em>ἑσσοῦσθαι.</em></strong></span> 
     </span>
     <span class='ocr_line' id='line_1_34' title="bbox 466 4069 1528 4143; baseline 0.007 -21"><span class='ocrx_word' id='word_1_277' title='bbox 466 4071 500 4135; x_wconf 70' lang='grc'><strong>19)</strong></span> <span class='ocrx_word' id='word_1_278' title='bbox 517 4070 550 4124; x_wconf 92' lang='lat' dir='ltr'><strong>In</strong></span> <span class='ocrx_word' id='word_1_279' title='bbox 565 4069 627 4124; x_wconf 84' lang='lat' dir='ltr'><strong>c.1.</strong></span> <span class='ocrx_word' id='word_1_280' title='bbox 642 4076 745 4126; x_wconf 85' lang='lat' dir='ltr'><strong>n.1030</strong></span> <span class='ocrx_word' id='word_1_281' title='bbox 764 4069 934 4139; x_wconf 66' lang='grc' dir='ltr'><strong><em>ὀγδοήκοντα</em></strong></span> <span class='ocrx_word' id='word_1_282' title='bbox 952 4072 1089 4138; x_wconf 88' lang='lat' dir='ltr'><strong>scribitur,</strong></span> <span class='ocrx_word' id='word_1_283' title='bbox 1108 4073 1156 4128; x_wconf 90' lang='lat' dir='ltr'><strong>sed</strong></span> <span class='ocrx_word' id='word_1_284' title='bbox 1172 4078 1283 4143; x_wconf 89' lang='lat' dir='ltr'><strong>propter</strong></span> <span class='ocrx_word' id='word_1_285' title='bbox 1299 4080 1416 4129; x_wconf 91' lang='lat' dir='ltr'><strong>metrum</strong></span> <span class='ocrx_word' id='word_1_286' title='bbox 1436 4071 1528 4140; x_wconf 71' lang='lat' dir='ltr'><strong>eyes-</strong></span> 
     </span>
     <span class='ocr_line' id='line_1_35' title="bbox 397 4146 1045 4233; baseline 0.015 -34"><span class='ocrx_word' id='word_1_287' title='bbox 397 4148 481 4201; x_wconf 75' lang='grc' dir='ltr'><strong><em>ιἰοντοι</em></strong></span> <span class='ocrx_word' id='word_1_288' title='bbox 499 4150 539 4205; x_wconf 88' lang='lat' dir='ltr'><strong>vel</strong></span> <span class='ocrx_word' id='word_1_289' title='bbox 559 4146 730 4233; x_wconf 54' lang='grc' dir='ltr'><strong><em>ὀγδοήκοντα</em></strong></span> <span class='ocrx_word' id='word_1_290' title='bbox 747 4153 978 4220; x_wconf 85' lang='lat' dir='ltr'><strong>pronuntiandum</strong></span> <span class='ocrx_word' id='word_1_291' title='bbox 995 4158 1045 4209; x_wconf 85' lang='lat' dir='ltr'><strong>est.</strong></span> 
     </span>
    </p>
   </div>
   <div class='ocr_carea' id='block_1_4' title="bbox 0 0 1795 5334">
    <p class='ocr_par' dir='ltr' id='par_1_5' title="bbox 0 0 1795 5334">
     <span class='ocr_line' id='line_1_36' title="bbox 0 0 1795 5334; baseline 0 0"><span class='ocrx_word' id='word_1_292' title='bbox 0 0 1795 5334; x_wconf 95' lang='lat' dir='ltr'><strong> </strong></span> 
     </span>
    </p>
   </div>
  </div>
 </body>
</html>
