3575 5334
419 678 485 738 246
618 663 621 667 ⁴
941 676 1030 730 Cauer

421 855 525 919 forma
545 859 725 936 poneretur,
749 847 921 930 irrepentis
942 847 1104 912 interdum
1127 848 1223 914 etiam
1246 849 1420 915 in-Atticos
1442 852 1549 917 titulos

422 950 551 1017 dialecti
579 948 709 1013 Ionicae
737 944 875 1027 vestigia
903 944 1009 1027 potius
1037 964 1132 1025 quam
1162 945 1286 1027 antiqui
1314 953 1348 1011 et
1376 948 1548 1029 panionioi,

422 1057 456 1114 ut
476 1050 522 1113 ita
545 1048 659 1127 dicam,
687 1044 843 1110 sermonis
864 1042 1018 1122 reliquias
1040 1043 1113 1108 illas
1136 1062 1207 1109 esse
1229 1044 1453 1110 iudicabimus.
1498 1066 1548 1110 ne-

421 1166 482 1229 que
504 1145 611 1210 obstat
632 1141 706 1207 huic
728 1139 923 1219 sententiae,
953 1138 1039 1220 quod
1069 1141 1166 1205 etiam
1187 1139 1275 1223 apud
1297 1141 1545 1225 Aristophanem

419 1244 453 1308 in
469 1240 652 1309 nominibus
673 1238 810 1322 propriis
825 1236 958 1321 primae,
981 1256 1063 1318 quae
1079 1237 1204 1318 dieitur,
1227 1236 1456 1304 declinationis
1478 1247 1545 1323 post

421 1365 434 1404 ι
455 1340 601 1404 vocalem
624 1361 642 1420 η
666 1357 722 1420 pro
746 1343 767 1399 ᾰ
789 1335 899 1419 paucis
922 1334 1001 1398 locis
1023 1334 1143 1417 scripta
1164 1342 1228 1415 est,
1262 1354 1342 1417 quos
1363 1334 1453 1417 ipsos
1476 1356 1546 1418 quo·

421 1459 484 1522 que
499 1436 718 1503 Weckleinius
741 1433 884 1515 collegit:
912 1424 1077 1515 Ἀθηναίῃ
1094 1451 1165 1513 equ.
1182 1435 1254 1498 763.
1277 1431 1459 1516 Σεληναίης
1474 1435 1543 1498 nub.

418 1540 493 1601 614.
519 1535 745 1615 Τριτογενείης
760 1531 834 1595 nub.
848 1531 921 1594 989.
944 1548 1019 1592 nam
1032 1520 1197 1614 Ἀθηναίῃ
1214 1535 1246 1594 et
1263 1535 1492 1615 Τριτογενείης
1506 1533 1545 1597 le·

417 1637 537 1715 guntur
558 1631 592 1695 in
614 1628 760 1694 versibus
783 1626 1008 1710 anapaesticis,
1032 1625 1065 1689 in
1088 1627 1202 1708 quibus
1225 1628 1321 1691 etiam
1344 1628 1419 1694 aliis
1440 1629 1543 1694 formis
1585 1632 1588 1641 '

418 1728 537 1793 Ionicis
564 1726 812 1809 Aristophanem
841 1744 932 1789 usum
966 1743 1037 1789 esse
1064 1723 1135 1807 ipse
1163 1724 1383 1789 Weckleinius
1413 1745 1543 1791 comme-

418 1831 532 1890 morat.
576 1825 669 1889 tertio
692 1829 799 1887 autem
823 1823 892 1886 loco
923 1820 1063 1886 dubitari
1086 1828 1208 1904 potest,
1242 1830 1345 1886 utrum
1374 1842 1450 1888 cum
1473 1826 1543 1889 Din-

419 1921 518 1987 dorfio
542 1922 678 2002 aliisque
701 1919 877 1985 editoribus
901 1918 1091 2001 optimorum
1113 1919 1258 1984 codicum
1273 1920 1435 2001 scriptura
1449 1921 1544 2004 Σελη-

419 2025 512 2101 ναίης
533 2020 566 2084 in
589 2018 769 2100 Σεληναίας
798 2017 954 2081 mutanda
975 2036 1017 2080 an
1047 2022 1144 2098 potita
1167 2019 1263 2082 etiam
1286 2018 1459 2084 trochaicis
1480 2039 1545 2084 ver·

418 2117 506 2183 sibus
534 2115 732 2200 parabaseos
754 2114 897 2179 lonicam
919 2114 1053 2178 formam
1079 2113 1289 2180 immiscuisse
1310 2116 1476 2197 putandus
1498 2118 1548 2182 sit.

418 2221 504 2279 certe
526 2214 592 2293 ille,
615 2214 641 2278 si
657 2210 835 2294 Σεληναίης
857 2210 994 2294 scripsit,
1016 2209 1078 2274 hoc
1092 2230 1157 2274 non
1173 2230 1213 2275 ex
1231 2211 1354 2293 volgari
1370 2212 1550 2278 Athenien-

418 2313 515 2393 sium,
546 2311 604 2376 sed
633 2330 673 2375 ex
705 2309 831 2392 poetico
859 2326 1007 2373 sermone
1035 2309 1186 2390 sumpsit,
1220 2330 1240 2374 a
1267 2311 1356 2374 cuius
1385 2312 1554 2391 gravitate

418 2409 534 2474 elatius
561 2406 643 2471 illud
665 2426 768 2489 genus
792 2405 936 2485 dicendi,
967 2403 1053 2486 quod
1083 2412 1132 2470 est
1159 2405 1193 2469 in
1215 2406 1384 2488 parabam,
1416 2408 1553 2491 propius

417 2506 510 2570 abest
539 2524 634 2586 quam
663 2504 783 2586 dialogi
811 2502 923 2568 comici
949 2502 1148 2583 simplicitas.
1181 2538 1222 2547 -
1252 2497 1417 2585 Ἀθηναίη
1443 2513 1556 2571 exstat

417 2602 513 2667 etiam
535 2600 623 2683 apud
645 2602 813 2666 Platonem
836 2600 978 2683 Euthyd.
1001 2602 1073 2678 302,
1097 2598 1129 2680 d,
1156 2599 1210 2663 ubi
1232 2607 1288 2665 aut
1309 2624 1327 2682 η
1351 2601 1385 2664 in
1409 2625 1431 2663 α
1453 2604 1557 2667 corri-

416 2697 526 2780 genda
553 2703 609 2763 aut
638 2698 747 2778 Plato,
781 2718 843 2779 quo
877 2697 993 2763 certius
1022 2716 1223 2762 communem
1260 2698 1402 2762 omnium
1431 2701 1552 2765 Ionum

417 2795 528 2877 deam,
552 2794 593 2858 de
616 2813 678 2874 qua
700 2794 863 2860 Socratem
885 2795 1070 2876 loquentem
1091 2794 1185 2875 iacit,
1214 2793 1424 2877 significaret,
1448 2798 1548 2863 etiam

415 2892 549 2956 formam
572 2890 714 2955 lonicam
737 2913 908 2975 usurpasse
936 2892 1097 2975 putandus
1120 2900 1177 2956 est.
1222 2891 1263 2958 de
1288 2892 1446 2975 pristinae
1469 2915 1548 2961 vero

416 2988 558 3054 Atthidis
580 2988 780 3053 memorabili
802 2989 943 3069 quodam
970 2988 1106 3070 vestigio
1135 3009 1238 3071 neque
1260 2989 1321 3055 hoc
1343 2990 1415 3055 loco
1438 3011 1545 3074 neque

416 3085 538 3168 ceteris,
562 3085 603 3150 de
626 3085 740 3167 quibus
763 3086 839 3167 dixi,
863 3086 995 3169 cogitari
1018 3092 1133 3169 potest.

501 3187 530 3248 2.
575 3183 643 3247 Nec
672 3183 775 3265 magis
800 3183 867 3249 tale
889 3183 1012 3265 aliquid
1034 3184 1119 3265 intest
1139 3182 1173 3247 in
1196 3181 1296 3248 altero
1319 3184 1542 3266 exemplorum

414 3300 548 3363 genere,
579 3281 667 3345 cuius
690 3280 910 3347 Weckleinius
933 3280 1128 3345 mentionem
1151 3301 1215 3345 non
1237 3279 1328 3363 lecit,
1360 3280 1448 3362 quod
1471 3301 1542 3347 con·

414 3375 532 3442 timetur
565 3376 795 3442 nominibus
829 3378 1007 3460 propriis
1039 3379 1224 3459 gentium
1258 3384 1295 3442 et
1328 3377 1541 3444 civitatum

415 3473 554 3537 maxime
576 3473 638 3552 eis,
668 3492 843 3554 quaecum
871 3475 905 3538 in
932 3475 1042 3537 -ιᾶται
1065 3474 1169 3540 Attice
1192 3474 1356 3556 desinant,
1386 3496 1541 3541 nonnum·

414 3589 509 3652 quam
532 3569 565 3631 in
588 3568 743 3650 catalogis
759 3573 980 3653 sexagesimae
998 3572 1185 3636 tributorum
1208 3591 1266 3655 per
1280 3594 1299 3655 η
1315 3571 1437 3655 scripta
1458 3578 1541 3639 sunt

414 3667 473 3731 bos
503 3666 587 3729 enim
615 3666 779 3748 catalogos
808 3668 861 3749 qui
890 3668 1054 3752 lapidibus
1082 3667 1280 3751 inciderunt,
1312 3672 1442 3751 saepe⁸t
1471 3690 1540 3735 eam

484 3868 503 3929 ⁸)
530 3872 641 3933 ,saepe“
661 3865 720 3920 dico
738 3882 833 3935 parum
852 3874 981 3923 accurate
999 3884 1055 3923 non
1072 3884 1131 3923 mea
1148 3868 1265 3937 quadam
1283 3869 1467 3937 neglegentia,
1494 3869 1539 3924 sed

412 3945 476 4011 quia
503 3944 600 3999 horum
627 3946 811 4014 catalogorum
838 3949 1004 4003 consuetudo
1028 3949 1057 4001 in
1082 3948 1176 4003 formis
1203 3949 1340 4003 nominum
1366 3949 1538 4018 propriorum

412 4027 557 4093 tantopere
578 4024 704 4088 fluctuat,
729 4033 760 4080 ut
782 4034 883 4082 certam
906 4029 1028 4096 regulam
1053 4029 1078 4083 ei
1101 4028 1198 4083 elisere
1216 4028 1260 4082 vix
1278 4029 1421 4098 quisquam
1447 4031 1537 4099 possit

411 4100 546 4158 Adiecisset
563 4106 670 4172 quidem
688 4110 715 4160 et
732 4103 865 4160 Αὐλιᾶται
883 4115 910 4163 et
928 4106 1073 4171 Αὐλιῆται,
1096 4107 1307 4178 Ἆλικαρνασσῆς
1324 4105 1538 4177 (ἐτ’Ἆλικαρνάσ·

413 4200 468 4235 σιοι
485 4184 546 4253 pari
562 4186 621 4239 iure
639 4186 779 4254 dicuntum
799 4204 849 4242 nec
867 4189 966 4244 desunt
979 4190 1033 4243 alia
1045 4190 1130 4244 multa
1146 4189 1266 4244 eiusdem
1283 4190 1389 4258 generis
1408 4192 1535 4260 exempla.

412 4261 445 4315 de
460 4264 557 4331 quibus
573 4265 767 4333 diligentiorem
783 4268 969 4333 quaestionem
984 4270 1126 4325 instituere
1138 4286 1301 4339 quamquam
1310 4270 1431 4327 fortasse
1441 4286 1536 4340 operae
