3575 5334
483 724 518 778 de
535 722 687 792 nominibus
705 723 865 779 suffixorum
883 732 940 780 cnt-
959 732 985 780 et
1003 728 1087 782 miuo-
1106 742 1156 796 ope
1174 727 1305 782 formatis.
1394 725 1456 787 389

329 896 479 980 ejusdem
503 914 574 960 esse
596 896 705 979 stirpis
727 904 822 980 atque
845 898 937 979 picus
966 896 1063 975 (idem
1086 897 1172 979 qued
1199 898 1308 964 theod.
1329 898 1456 982 cpit-t),

328 995 405 1078 pica
420 1014 441 1057 a
455 993 553 1059 verbo
568 994 691 1075 spicere
706 993 827 1069 (theod.
841 993 978 1076 cuchen),
995 1014 1055 1059 scr.
1071 1015 1095 1057 r.
1110 1015 1194 1077 spec.
1218 994 1386 1057 Picumnus
1399 995 1456 1077 igi-

330 1097 385 1155 tur
401 1090 611 1156 videturesse
633 1097 712 1174 part.
734 1089 981 1174 *pirenem-s
1002 1111 1059 1174 pro
1077 1089 1339 1173 *epinoemata-s
1352 1093 1457 1159 active

331 1194 529 1271 usurpatum,
557 1186 740 1270 significans
762 1186 866 1267 deum,
890 1189 943 1270 qui
963 1189 1057 1270 spicit
1076 1189 1127 1252 vel
1146 1190 1312 1271 prospicit,
1336 1189 1456 1273 duplici

332 1286 375 1366 vi,
402 1292 525 1350 namet
547 1285 698 1368 prospicit
718 1286 838 1350 futures
859 1306 952 1351 casus
969 1292 1000 1349 θῖ
1017 1285 1193 1350 infantibus
1214 1269 1374 1368 prespicit,
1401 1305 1457 1352 ees

331 1383 481 1465 protegit.
527 1382 671 1447 Eandem
694 1383 759 1446 vim
780 1383 943 1448 inveneris
964 1381 998 1445 in
1021 1389 1129 1447 nostro
1152 1382 1377 1465 „versichtig“.

427 1479 601 1552 Volumnus,
617 1479 689 1545 iem.
715 1480 878 1542 Vol-amaa:
901 1481 1115 1543 Romanorum
1131 1478 1210 1545 deus
1226 1485 1258 1544 et
1275 1479 1350 1545 dea:
1374 1486 1456 1563 part.

331 1576 417 1642 med.
441 1576 531 1641 verbi
554 1577 641 1649 velle,
664 1577 755 1659 eujus
777 1577 899 1642 vocalis
921 1597 941 1639 c
964 1575 1111 1642 suffixum
1133 1576 1328 1641 antecedens
1351 1596 1421 1641 eum
1436 1597 1457 1639 u

332 1675 438 1739 vocali
466 1674 624 1757 participii
658 1693 761 1757 praee.
795 1674 918 1737 colunt·
950 1674 994 1752 (in
1022 1672 1204 1739 nominibus
1236 1674 1455 1744 colunt-arius,

330 1774 476 1834 uoluntas
498 1792 555 1853 pro
571 1768 850 1848 *colant-tutta
865 1772 1033 1847 exstantis)
1056 1776 1265 1853 comparetur.
1299 1771 1355 1836 Vis
1370 1770 1457 1836 vocis

331 1876 368 1934 ut
390 1870 424 1933 in
446 1890 492 1950 gr.
516 1863 534 1932 t
556 1865 774 1951 βουλόμενος,
799 1883 935 1949 quocum
956 1868 1194 1934 accuratissime
1215 1868 1384 1949 censentit,
1408 1873 1457 1933 θεῖ

331 1971 455 2033 activa:
488 1967 563 2048 „qui
586 1966 655 2030 vuit
677 1971 731 2042 (sc.
754 1964 883 2041 bona).“
919 1985 949 2028 v.
971 1966 1139 2046 Augustin.
1162 1965 1221 2028 civ.
1246 1964 1297 2030 dci
1320 1964 1376 2045 IV,
1399 1967 1456 2029 21:

329 2076 389 2145 „ut
411 2068 497 2143 bena
519 2062 651 2129 velint.“

426 2162 626 2233 Vertumnus,
659 2160 858 2221 Vertumnus:
894 2165 977 2240 part.
1000 2157 1084 2222 med.
1107 2156 1196 2221 verbi
1219 2166 1359 2230 vortere,
1387 2178 1457 2219 ver·

328 2273 400 2325 tere
421 2260 507 2325 idem
530 2257 615 2340 quod
637 2278 683 2340 gr.
708 2250 724 2319 ὁ
748 2252 967 2339 τρεπόμενος;
993 2272 1111 2318 nomen
1133 2260 1182 2319 est
1204 2253 1267 2329 dei,
1290 2253 1342 2334 qui
1366 2254 1456 2335 quasi

331 2359 467 2425 vertitur
488 2355 541 2419 vel
564 2374 600 2420 se
621 2353 757 2420 vertiti.
781 2372 808 2418 e.
832 2352 886 2434 qui
908 2350 1146 2418 vicissitudines
1168 2349 1245 2415 anni
1267 2351 1358 2432 regit.
1439 2399 1441 2403 Α

417 2465 597 2518 vertumnus
624 2451 740 2533 legitur
762 2449 850 2532 apud
873 2450 1070 2532 Propertium
1078 2450 1126 2530 ⁴⁵),
1155 2447 1242 2513 unde
1263 2465 1391 2511 nemen.
1404 2447 1456 2513 de·

328 2553 445 2620 sultori
466 2551 602 2615 inditum
625 2568 696 2614 esse
716 2548 924 2629 intellegitur,
947 2566 1040 2629 quem
1063 2566 1122 2611 nos
1144 2544 1380 2622 „kunstreiter“
1401 2564 1457 2627 ap-

330 2652 502 2735 pellamus
547 2645 711 2729 Significat
741 2644 827 2709 idem
856 2644 941 2726 quod
976 2644 1176 2706 Vertumnus.-
1213 2642 1374 2707 hominem
1403 2642 1456 2723 qui

331 2748 465 2815 vertitur
488 2748 542 2822 (sc.
566 2744 689 2808 alterne
712 2751 817 2824 equo).

417 2842 560 2905 columae
589 2841 702 2914 (forma
732 2839 873 2901 colomna
901 2858 1000 2920 supra
1028 2841 1071 2920 (p.
1096 2841 1169 2912 387)
1199 2844 1247 2903 est
1268 2841 1456 2913 memorata)

329 2941 447 3008 eedem
470 2939 642 3019 modoque
665 2937 789 2999 ‹vl-remea
811 2937 852 3000 ab
869 2935 930 3008 elo,
953 2935 1103 2997 Volmmm
1117 2955 1137 2999 a
1152 2934 1223 2995 celo
1237 2941 1301 3014 cit,
1323 2933 1457 2999 averbe

329 3038 427 3103 *colo
452 3036 625 3117 proiectum
650 3052 721 3099 esse
743 3033 877 3113 videtur,
907 3032 992 3113 qued
1021 3031 1151 3113 quidem
1173 3031 1207 3092 in
1229 3050 1288 3095 usu
1310 3050 1376 3094 non
1398 3036 1456 3095 est.

331 3137 438 3218 Stirps
467 3132 531 3196 col·
561 3132 673 3197 eadem
703 3137 751 3195 est
779 3136 875 3210 atque
902 3129 1066 3192 nominum
1096 3126 1280 3200 col-nmen,
1311 3124 1455 3197 cul-men,

332 3233 465 3296 cet-s-us
488 3236 551 3311 cit,
581 3248 714 3311 quorum
737 3227 822 3291 notio
846 3225 1022 3290 communis
1045 3230 1093 3289 est
1115 3220 1275 3291 eminendi,
1300 3225 1334 3283 ut
1356 3221 1456 3287 subet.

329 3330 478 3394 coleman
500 3325 605 3391 active
627 3331 811 3406 usurpatum
834 3320 990 3404 significet
1012 3340 1087 3401 rem,
1117 3336 1200 3400 quae
1222 3317 1348 3382 eminet.

420 3422 586 3489 Accedunt
608 3421 669 3485 due
693 3420 823 3485 nemina
845 3418 976 3501 originis
1003 3417 1150 3481 latentis:
1185 3434 1344 3477 aerumna.
1388 3413 1457 3478 Hoc

330 3526 435 3591 subst.
452 3522 627 3587 (iorssenus
645 3518 731 3583 ducit
746 3537 766 3581 a
781 3515 848 3581 rad.
865 3518 910 3578 ir·
932 3517 1004 3591 (scr.
1020 3512 1196 3596 ir-cs-je-ti
1214 3513 1235 3575 i.
1252 3530 1279 3576 θ.
1301 3510 1455 3594 irascitur,

333 3620 463 3704 vingit,
486 3620 542 3683 lat.
566 3632 641 3689 vr-u,
663 3620 806 3690 tr-adus)
827 3613 931 3678 vocali
954 3614 967 3673 i
986 3612 1019 3676 in
1042 3613 1075 3671 ui
1095 3613 1156 3687 (ne)
1179 3628 1243 3673 non
1266 3607 1359 3673 aliter
1384 3628 1457 3689 pro·

332 3718 449 3798 dueta,
473 3735 567 3798 quam
590 3713 624 3777 in
645 3713 700 3777 lat.
725 3709 831 3783 aedes,
856 3710 975 3783 cidini,
1005 3729 1051 3791 gr.
1075 3705 1166 3771 at'tn
1190 3724 1229 3769 ex
1251 3726 1276 3770 r.
1299 3703 1367 3776 idn,
1396 3723 1457 3769 scr.

332 3815 411 3879 incid
445 3811 621 3879 accendere
656 3814 697 3887 (v,
727 3807 825 3873 Curtii
854 3805 1009 3889 grundz.⁴
1036 3808 1097 3868 249
1118 3823 1181 3885 sq.;
1215 3802 1365 3884 exempla
1391 3801 1458 3866 alia
1534 3811 1537 3818 '

333 3912 467 3994 collegit
496 3910 670 3975 (inussenus
699 3906 740 3987 1²,
769 3925 800 3988 p.
825 3907 886 3968 374
905 3909 1002 3985 sqq.),
1032 3909 1067 3966 ut
1094 3919 1211 3965 nomen
1239 3919 1389 3961 aerumna
1417 3917 1459 3964 ex

334 4046 543 4058 ..-.--

408 4129 441 4193 ⁴⁵)
458 4126 484 4181 V
501 4124 568 4191 (IV),
588 4128 611 4187 2,
631 4129 674 4177 35:

545 4225 612 4288 „Est
629 4224 710 4279 etiam
727 4222 835 4289 aurigae
853 4220 957 4289 species
975 4224 1128 4272 vertumnus
1147 4222 1173 4270 θῖ
1190 4218 1250 4285 ejus

596 4302 710 4373 Trajicit
727 4303 831 4356 alterno
850 4301 897 4369 qui
913 4301 970 4353 lere
988 4296 1093 4368 pondus
1110 4304 1202 4365 equ0.“
