3575 5334
662 675 695 730 de
713 674 829 732 dialecto
847 674 1003 730 herodotca.
1333 678 1392 739 211

267 844 389 932 ἐχρᾶτο
419 846 452 912 in
484 848 552 913 solo
582 847 630 927 R,
665 845 799 930 ἐχρέετο
828 848 862 913 in
891 848 957 927 Pz,
991 846 1129 933 ἐχρέατο
1166 850 1312 920 inaudita
1339 856 1398 921 illa

266 944 370 1010 torma
399 945 433 1008 in
464 945 577 1011 ceteris
606 947 707 1012 semel
736 946 784 1011 IX
810 949 860 1010 37.
898 982 939 990 -
977 945 1111 1013 Codices
1140 968 1216 1031 ergo
1242 957 1397 1036 χρᾶσθαι

263 1048 389 1127 χρᾶται
417 1042 528 1108 formis
556 1043 589 1108 in
617 1042 802 1109 universum
831 1042 958 1125 lavent,
992 1062 1091 1125 quare
1119 1046 1296 1114 Bredovius
1319 1050 1396 1117 Din-

267 1138 387 1205 dorfius
409 1138 550 1206 Stcinius
573 1160 629 1206 eas
651 1160 777 1224 semper
799 1148 1004 1225 receperunt3
1036 1161 1141 1225 neque
1161 1142 1272 1210 formis
1289 1145 1397 1231 χρεώ-

265 1246 368 1319 μενὸς
381 1242 549 1324 χρέωνται
563 1236 584 1300 i.
601 1257 628 1303 e.
652 1235 862 1324 *χρηομενος
884 1236 1070 1323 *χρήονιαι
1085 1238 1227 1323 cogimur
1243 1247 1396 1326 χρῆσθαι

264 1353 439 1418 reponere,
468 1356 543 1400 nam
572 1354 643 1399 cum
672 1336 706 1400 in
736 1334 841 1400 activo
870 1336 960 1401 solae
982 1336 1103 1404 formae
1131 1356 1189 1421 per
1212 1362 1233 1402 α
1255 1338 1395 1424 scriptae

264 1431 445 1513 tradantur,
472 1431 541 1516 jam
563 1432 606 1497 ab
628 1432 718 1497 initio
741 1433 802 1497 boc
823 1432 857 1497 in
879 1433 978 1499 verbo
1007 1433 1190 1500 fluctuatum
1214 1455 1284 1502 esse
1306 1437 1395 1503 band

262 1529 376 1613 inepte
398 1529 562 1613 conjicias,
593 1537 625 1596 et
647 1550 717 1595 cum
741 1529 867 1596 codices
895 1531 1083 1614 plerumque
1102 1537 1256 1615 χρᾶσθαι
1277 1542 1395 1601 testen-

264 1631 331 1709 tur,
359 1631 513 1725 χρῆιιθαι
540 1633 647 1694 autem
676 1635 708 1693 et
734 1632 902 1712 χρέεσθαι
924 1628 1107 1711 similesque
1128 1629 1247 1696 formas
1268 1632 1393 1699 librari·

265 1742 356 1789 orum
385 1723 495 1790 dorica
516 1726 615 1791 attica
644 1722 850 1810 ἰωνικιότερα
879 1745 980 1792 saeva
1007 1725 1144 1793 libidine
1171 1728 1393 1813 arripientium

265 1841 353 1886 more
376 1822 409 1886 in
431 1821 586 1888 Herodoti
614 1821 706 1889 libris
734 1824 817 1889 bene
843 1824 1053 1908 explicentur,
1082 1844 1208 1892 sumere
1229 1825 1305 1892 licet
1326 1830 1347 1889 ᾰ
1371 1850 1391 1921 η

265 1918 431 2001 antiquum
460 1927 577 1987 anteo
605 1920 722 1986 diutius
748 1919 920 2002 mansisse,
953 1928 1029 1986 ante
1058 1945 1073 1985 ε
1103 1928 1209 1988 autem
1238 1928 1271 1989 et
1299 1947 1331 1989 ει
1359 1924 1393 1990 in

266 2011 287 2079 ἃ
310 2016 382 2099 jam
410 2018 550 2100 antiquis
577 2018 774 2102 temporibus
802 2025 983 2101 correptum
1009 2037 1095 2099 esse,
1133 2038 1197 2101 qua
1223 2038 1264 2085 ex
1290 2040 1393 2090 corre

265 2113 374 2197 ptione
397 2134 456 2180 eae
484 2115 620 2197 formae,
650 2135 730 2197 quas
758 2134 843 2179 nunc
871 2115 959 2199 apud
981 2115 1177 2181 Herodotum
1205 2118 1391 2203 reperimus,

265 2216 352 2276 ortae
375 2217 458 2276 sunt.

348 2307 514 2375 Hactenus
536 2308 578 2375 de
601 2306 622 2373 ἄ
645 2310 751 2393 priore
773 2309 943 2375 vocalium.

510 2744 747 2827 CAPUT
791 2747 1138 2823 TERTIUM.

622 2924 674 2979 nn
692 2928 713 2977 o
731 2924 868 2982 Pmoun
887 2926 1030 2981 vocam.

347 3078 514 3145 Postrema
535 3078 642 3145 brevis
664 3080 795 3162 vocalis,
820 3078 860 3145 de
883 3079 1193 3163 qua'exponendum
1216 3080 1276 3146 erit
1300 3091 1387 3158 (nam

263 3184 321 3243 cet
336 3202 355 3241 v
371 3176 511 3258 vocales,
534 3176 653 3261 quippe
675 3197 757 3260 quae
779 3177 859 3242 nibil
881 3176 1044 3260 singulare
1065 3176 1234 3259 prebeant,
1257 3197 1387 3260 prorsus

263 3273 364 3339 omitti
391 3277 551 3358 possunt),
581 3297 599 3337 o
623 3280 688 3357 est,
718 3294 811 3357 quam
835 3280 960 3354 tamen,
989 3273 1023 3336 in
1052 3271 1208 3337 vocalium
1231 3292 1386 3339 concmsu

261 3370 366 3454 priore
388 3372 458 3437 loco
481 3371 616 3455 positam
640 3379 809 3456 propterea
831 3370 959 3437 brevius
981 3389 1076 3452 quam
1099 3394 1114 3434 a
1133 3376 1166 3435 et
1187 3393 1208 3433 α
1231 3370 1384 3452 tractabo,

261 3475 292 3533 et
320 3467 407 3551 quod
434 3469 486 3533 hic
514 3469 622 3534 omnia
649 3470 843 3553 simpliciora
871 3487 976 3550 noque
1004 3465 1124 3532 eisdem
1151 3466 1388 3533 obnoxiasunt

262 3564 515 3631 dubitationibus
539 3572 570 3632 et
593 3565 678 3649 quod
700 3566 783 3632 inter
805 3591 826 3631 α
849 3575 880 3633 et
896 3590 913 3630 o
929 3564 1010 3630 ratio
1033 3563 1196 3630 simillima
1217 3565 1386 3631 intercedit

259 3661 321 3742 ita,
353 3670 428 3728 uto
451 3671 527 3729 ante
549 3670 734 3746 sequentem
757 3665 903 3730 vocalem
931 3663 1118 3747 plerumque
1142 3682 1208 3727 non
1230 3670 1385 3745 servetur,

259 3758 320 3825 sed
343 3761 558 3826 contrabatur.
603 3763 650 3826 Eo
673 3767 780 3826 autem
803 3785 824 3825 α
847 3768 878 3826 et
902 3784 919 3823 o
941 3760 1024 3825 inter
1045 3777 1081 3824 se
1104 3758 1264 3843 differunt,
1287 3761 1383 3844 quod,

259 3876 331 3922 cnm
355 3880 386 3937 u,
410 3866 444 3923 ut
466 3877 484 3924 e
505 3858 663 3923 vocalium
678 3858 750 3940 ipsa
768 3865 883 3922 natura
899 3856 1017 3939 evadit,
1040 3857 1168 3940 saepius
1189 3858 1223 3921 in
1247 3879 1262 3923 ε
1285 3866 1385 3923 mute·

258 3960 320 4033 tur,
351 3974 390 4020 ea
418 3957 551 4021 mutatio
579 3956 700 4020 vocalis
722 3978 740 4018 o
763 3974 936 4037 numquam
964 3954 1049 4018 iacta
1078 3960 1136 4019 est.
1180 3953 1270 4033 Quae
1298 3957 1383 4021 enim

258 4051 293 4115 in
316 4051 486 4118 verborum
509 4052 646 4118 flexione
668 4053 765 4117 obvia
790 4053 852 4117 huc
873 4052 1017 4117 revocari
1046 4070 1141 4134 posse
1163 4050 1320 4131 videntur,
1349 4058 1384 4116 ut
1412 4076 1414 4079 ’

258 4148 450 4229 videbimus,
480 4149 655 4231 rejicienda
681 4157 782 4216 erunt.
826 4152 938 4215 Altera
960 4148 1141 4213 differentia
1161 4148 1194 4211 in
1217 4166 1255 4213 eo
1277 4147 1384 4231 posita

259 4251 324 4327 est,
356 4245 441 4328 quod
471 4246 598 4329 saepius
622 4271 639 4309 o
662 4267 758 4330 quam
781 4270 801 4309 α
824 4248 856 4310 in
886 4247 1129 4329 compositorum
1159 4243 1263 4327 priore
1291 4251 1385 4329 parte

1125 4344 1179 4397 ιι*
