3575 5334
407 684 469 746 396
894 684 1040 738 Bechstein

407 859 604 925 adverbum
627 858 748 921 calvare
776 857 885 935 (Prisc.
911 861 972 923 883
995 856 1154 930 Putsoh.),
1184 857 1268 920 cotta
1286 858 1307 922 i.
1331 877 1358 924 e.
1388 859 1530 928 fallaeias

407 957 520 1023 tacere.
551 959 601 1021 De
622 955 718 1038 hujus
740 954 888 1020 voeabuli
904 954 1093 1020 formatione
1108 954 1284 1021 Corssenus
1306 956 1379 1038 (112,
1399 961 1458 1023 172
1473 967 1530 1041 sq.)

407 1056 487 1121 baee
515 1054 663 1137 praebet:
700 1074 720 1118 a
748 1053 848 1135 stirpe
870 1052 954 1115 colo-
983 1059 1064 1135 part.
1087 1050 1272 1115 *columno-
1293 1072 1439 1119 oonsona
1460 1077 1478 1117 o
1498 1057 1529 1120 in

407 1158 572 1217 amutata
594 1150 707 1217 eodem
736 1150 831 1215 modo
859 1149 1029 1214 formatum
1058 1156 1123 1230 est,
1152 1170 1215 1232 quo
1245 1150 1368 1213 volutus
1390 1172 1411 1215 a
1433 1152 1529 1227 volvo,

406 1250 526 1313 solutus
547 1270 568 1314 a
588 1249 686 1312 solvo.
730 1247 817 1327 Quas
846 1266 942 1314 voees
970 1268 1033 1312 non
1057 1248 1136 1313 satis
1158 1252 1245 1314 reete
1266 1249 1300 1312 in
1322 1251 1529 1331 comparatio

407 1368 481 1412 nem
503 1354 635 1412 vocatas
658 1366 729 1412 esse
750 1344 827 1409 inde
848 1346 1061 1427 intellegitur,
1092 1343 1177 1427 quod
1200 1344 1348 1410 suffixum
1370 1356 1421 1409 -to
1443 1348 1529 1431 stirpi

406 1464 514 1511 merae
544 1443 730 1526 adjungitur
761 1441 904 1517 (dio-tus,
939 1441 1064 1516 leo-tus,
1094 1444 1246 1525 scrip-tus
1273 1448 1356 1525 ott),
1386 1444 1529 1510 suffixum

406 1563 482 1609 vero
504 1544 603 1603 miuo—
618 1542 738 1605 voeatis
761 1539 963 1622 thematioae,
988 1559 1070 1621 quae
1091 1547 1232 1622 vocatur,
1255 1560 1317 1623 ope
1339 1560 1412 1605 eum
1436 1544 1530 1626 stirpe

406 1639 655 1723 compositust).
706 1639 752 1701 Ao
781 1637 887 1718 potius
915 1638 1027 1702 voeab.
1057 1637 1211 1699 oolrumnio
1240 1644 1334 1719 (part.
1365 1639 1529 1715 colorans-t

405 1739 451 1801 ita
480 1755 551 1801 esse
579 1734 749 1800 formatum
778 1752 908 1814 censeo,
940 1740 973 1798 ut
993 1755 1022 1799 -a
1050 1735 1149 1800 verbo
1179 1734 1315 1798 colo-tro
1343 1744 1427 1818 part.
1451 1738 1528 1804 med.

406 1834 593 1915 fingeretur:
631 1831 912 1905 *eolo-o-mouo-s,
945 1831 1022 1897 inde
1056 1851 1198 1897 consona
1227 1854 1245 1894 o
1276 1832 1310 1897 in
1339 1854 1359 1896 u
1393 1843 1528 1901 mutata:

406 1931 689 2003 *colu-emenus,
728 1929 866 2009 denique
902 1949 922 1991 u
960 1936 991 1994 et
1028 1948 1046 1990 υ
1082 1930 1254 1995 eontraetis
1290 1929 1528 2008 *colu-menos,

408 2029 592 2092 *columnus
629 2035 731 2091 ortum
770 2033 827 2092 est.
888 2026 1035 2091 Eandem
1078 2046 1156 2109 prae
1192 2048 1227 2094 se
1263 2028 1324 2092 tert
1363 2030 1527 2112 rationem,

406 2133 534 2211 praeter
561 2124 655 2204 iilud,
688 2124 729 2189 de
758 2143 820 2205 quo
849 2144 947 2206 snpra
974 2126 1079 2207 agitur
1103 2122 1272 2187 Clitumnus
1300 2143 1342 2189 ex
1372 2125 1527 2190 *Clito-o-

405 2246 526 2287 meoo-s·
547 2228 603 2305 (gr.
627 2219 780 2299 κλιτύ-ς);
803 2221 960 2286 substant.
981 2222 1082 2284 solu-s
1104 2240 1145 2286 ex
1167 2220 1392 2301 *solvo-ttit-s,
1425 2224 1528 2288 *solu-

406 2327 494 2398 ottts,
527 2321 651 2398 solutus
683 2327 802 2384 natum.
854 2318 900 2383 cf.
936 2320 1032 2384 etiam
1065 2320 1120 2383 lat.
1154 2340 1334 2382 suasuro-s
1367 2341 1440 2386 eum
1472 2342 1526 2389 ser.

404 2440 531 2481 soora-s
553 2423 593 2495 (v.
618 2417 763 2482 Gorssen.
787 2414 877 2480 beitr.
902 2420 986 2494 519).

497 2516 691 2578 Tolumnius:
727 2513 909 2596 Vejentium
936 2513 1021 2594 regis
1049 2515 1131 2591 (biv.
1154 2514 1209 2594 IV,
1236 2517 1284 2578 17.
1310 2518 1362 2590 19)
1392 2523 1425 2581 et
1446 2516 1527 2581 Ruti·

406 2614 508 2677 lorum
531 2613 660 2694 auguris
682 2631 798 2675 nomen
827 2611 935 2691 (Verg.
959 2612 1039 2676 Aen.
1062 2612 1121 2692 XI,
1146 2614 1218 2693 429,
1247 2612 1322 2691 XII,
1347 2615 1421 2679 258.
1447 2618 1526 2695 460),

407 2708 551 2791 ejusdem
576 2728 646 2773 esse
668 2708 775 2790 stirpis
797 2706 924 2772 videtur
944 2715 1041 2790 atque
1068 2708 1247 2784 Tul-l-iu-s,
1278 2709 1350 2783 tuli,
1380 2711 1527 2783 tolerare,

407 2827 452 2887 gr.
480 2804 657 2885 Τόλμαιος,
680 2801 853 2888 τολμηρός.
888 2804 1028 2870 Verbum
1052 2805 1185 2879 *tolera
1208 2805 1251 2871 ad
1274 2806 1360 2888 quod
1383 2811 1527 2892 pertinet,

407 2924 484 2993 non,
495 2903 566 2986 jam
595 2909 709 2969 exstat.
760 2902 934 2967 Formandi
963 2905 1043 2968 ratio
1074 2903 1269 2982 (Tolumnius
1296 2923 1317 2968 a
1343 2904 1527 2980 *tolomraeo-,

408 3000 596 3077 *tolumno·)
627 3000 739 3067 eadem
763 3006 820 3082 est,
845 3020 927 3082 quae
950 3001 1088 3066 nominis
1117 3000 1295 3064 Volumnius
1316 3022 1337 3066 a
1367 3001 1528 3067 Volumnu-

407 3106 448 3177 (ν.
472 3088 619 3165 Corssen.
641 3098 699 3179 112,
726 3101 782 3162 171
803 3107 872 3180 squ.

490 3198 621 3263 Praeter
649 3197 745 3274 haee,
776 3215 859 3276 quae
886 3196 979 3260 attuli
1009 3194 1154 3275 nomina,
1184 3196 1275 3261 nulla
1303 3204 1433 3265 exsere
1454 3199 1527 3264 mibi

406 3295 534 3377 quidem
556 3293 705 3359 videntur
726 3292 789 3357 buo
810 3292 996 3375 referenda,
1027 3299 1061 3357 ut
1089 3293 1131 3358 ad
1153 3292 1247 3358 finem
1270 3284 1373 3376 hujus
1390 3296 1528 3380 disputa·

406 3393 567 3457 tiunoutae
596 3390 830 3473 pervenissem,
861 3390 924 3456 nisi
953 3390 994 3455 de
1024 3397 1109 3455 eerto
1139 3391 1276 3472 quodam
1300 3393 1526 3460 vocabulorum

405 3508 523 3571 genere
544 3488 643 3553 verba
664 3487 813 3552 facienda
835 3488 912 3552 mibi
935 3494 1051 3553 essent.
1346 3483 1350 3493 '

492 3583 584 3666 Apud
616 3583 756 3649 Curtium
786 3586 869 3650 enirn
905 3585 1047 3664 (er-taut)
1074 3605 1105 3667 p.
1131 3588 1203 3658 142)
1235 3584 1392 3652 substant.
1444 3591 1528 3671 r‘puo-

402 3684 501 3745 ‘mioz'o
523 3702 563 3747 ex
585 3681 685 3765 stirpe
699 3683 837 3763 quadam
860 3680 1061 3764 *ipuomiuus
1082 3680 1238 3765 prodiisse
1260 3682 1386 3749 dieitur.
1428 3685 1526 3764 Quam

406 3779 547 3861 stirpem,
571 3799 666 3860 quum
689 3778 801 3845 suffixo
817 3797 903 3841 -muo
925 3778 1062 3843 formata
1083 3778 1239 3862 videatur,
1263 3781 1425 3864 participii
1446 3782 1526 3847 med.

406 3876 546 3959 speeiem
569 3877 723 3957 praebere
745 3877 862 3958 aliquis
877 3875 1002 3941 dixerit.
1037 3874 1103 3941 Sed
1125 3876 1220 3958 hujus
1235 3878 1428 3944 substantivi
1449 3880 1527 3945 ratio

476 4057 507 4119 5²)
533 4055 668 4122 Quaeres
686 4070 718 4108 eo
737 4056 955 4122 nonrefutatur,
979 4056 1051 4125 quod
1073 4055 1102 4109 irr
1126 4054 1164 4108 eis
1182 4054 1349 4121 nominibus,
1375 4058 1409 4112 de
1433 4058 1527 4127 quibus

406 4151 433 4202 p.
453 4139 498 4188 ast
518 4151 575 4204 sqq.
594 4136 677 4190 fiebat
699 4136 834 4203 quaestio,
858 4135 985 4190 suffixum
1007 4152 1069 4190 enm
1090 4135 1150 4203 ipsa
1172 4135 1264 4190 radice
1286 4138 1464 4206 conjunctum
1485 4137 1527 4199 sit,

406 4229 487 4281 quum
504 4215 549 4269 hic
567 4215 600 4272 de
618 4215 656 4270 eis
674 4220 779 4269 tantum
796 4216 949 4271 nominibus
967 4219 1072 4285 agatur,
1091 4230 1160 4284 qnae
1177 4230 1194 4269 a
1208 4217 1297 4272 verbis
1314 4218 1407 4273 latinis
1424 4216 1527 4273 usitatis

405 4298 465 4347 orta
486 4300 558 4349 sunt.
