3575 5334
404 700 467 765 282
922 705 1011 762 Cauer

403 889 435 948 et
458 874 679 959 Καλχηδόνιοι
702 883 842 943 mutatae
865 885 990 960 essent,
1021 878 1131 945 infima
1160 880 1288 946 demum
1310 888 1417 948 aetate
1440 903 1527 947 usur·

402 977 473 1063 pari
496 997 604 1043 rursus
625 982 756 1057 eoeptas
779 994 850 1041 esse
873 976 1022 1059 exposuit
1043 976 1222 1044 Rosoherus
1244 979 1265 1043 l.
1281 978 1302 1043 l.
1325 981 1367 1044 98
1382 999 1451 1062 sqq.
1475 980 1526 1061 qui

402 1076 553 1158 quoniam
594 1074 672 1141 satis
714 1073 923 1156 probabiliter
967 1074 1107 1141 ostendit
1148 1075 1359 1159 veriloquium
1397 1077 1527 1144 Galohe-

404 1173 497 1239 donis
526 1172 568 1237 ab
598 1190 673 1238 aere
701 1171 911 1254 repetendum
944 1190 1029 1254 esse,
1068 1192 1131 1237 non
1162 1172 1282 1255 habeo,
1320 1192 1375 1239 our
1404 1176 1434 1242 ei
1463 1196 1525 1240 non

401 1271 569 1338 assentiar.
1588 1352 1592 1360 ἢ

488 1370 554 1434 alia
582 1366 733 1449 exempla
758 1366 963 1448 aspirationis
991 1373 1159 1450 postumae
1180 1389 1246 1434 non
1266 1370 1398 1435 memini
1420 1390 1474 1437 me
1494 1370 1526 1435 in

402 1464 663 1550 inscriptionibus
685 1463 799 1529 Attiois
820 1463 1048 1529 vetustioribus
1069 1465 1192 1548 legere,
1219 1466 1282 1532 nisi
1303 1465 1390 1547 quod
1413 1466 1475 1530 ΧΣ
1498 1474 1526 1533 et

403 1559 461 1633 ΦΣ
484 1564 656 1647 scripturas
678 1580 735 1644 pro
751 1558 815 1637 §et
834 1566 1003 1642 mantum
1025 1582 1091 1627 non
1112 1582 1239 1646 semper
1259 1563 1424 1630 adhibitas
1446 1565 1526 1630 bano

403 1681 532 1727 oausam
561 1658 712 1725 habuisse
740 1658 920 1724 Rosoherus
954 1665 986 1724 et
1013 1659 1233 1727 Weckleinius
1261 1667 1346 1727 rente
1375 1660 1525 1727 iudicant.

318 1826 322 1836 ,
403 1760 465 1824 huo
487 1755 625 1837 aceedit,
649 1754 735 1838 quod
759 1752 792 1819 ἔκ
814 1756 1024 1839 praepositio,
1054 1757 1109 1822 nbi
1131 1759 1273 1841 sequitur
1293 1759 1487 1826 voeabulum
1507 1780 1526 1824 a

404 1878 425 1920 σ
446 1856 541 1921 litera
562 1854 729 1938 incipiens,
753 1872 879 1937 semper
901 1859 1041 1920 mutatur
1061 1855 1094 1919 in
1117 1853 1168 1936 ἔχε
1192 1852 1225 1935 ἒχ
1247 1859 1383 1936 Σαμίων
1407 1858 1487 1940 sub,
1502 1870 1525 1921 1.

404 1952 438 2034 ἐχ
460 1947 574 2033 Σάμου
600 1955 669 2033 188,
692 1962 732 2015 20.
754 1963 793 2015 31.
838 1970 913 2018 nam
935 1970 1006 2016 eum
1029 1953 1159 2018 omnino
1181 1971 1240 2018 eae
1260 1954 1524 2037 praepositiones,

403 2071 486 2134 quae
514 2052 548 2116 in
578 2055 792 2115 consonantes
819 2047 1018 2130 desinerent,
1049 2069 1118 2114 oum
1149 2050 1332 2117 nominibus
1359 2052 1525 2135 insequen-

403 2150 488 2215 tibus
510 2146 752 2214 assimulatione
774 2148 1019 2212 eonsonantium
1042 2148 1191 2229 coniungi
1215 2149 1383 2230 solerent,
1403 2148 1446 2216 de
1467 2169 1525 2232 qua

403 2268 438 2313 re
460 2245 544 2312 infra
567 2247 660 2329 plura
682 2242 804 2323 dinam,
833 2242 999 2326 aspirandi
1021 2244 1071 2310 vis
1093 2243 1254 2311 sibilantis
1275 2250 1368 2311 tanta
1390 2246 1467 2329 fuit,
1495 2252 1524 2311 ut

403 2370 421 2408 κ
442 2346 476 2410 in
497 2368 516 2424 χ
537 2350 683 2409 mutaret.

555 2598 596 2662 ll.
641 2597 697 2662 De
719 2594 999 2678 geminatione
1020 2595 1171 2662 literae
1192 2596 1375 2663 caninae.

490 2749 511 2810 Ρ
527 2749 640 2839 literae
661 2748 695 2812 in
716 2747 881 2814 vocabulis
897 2747 1080 2831 compositis
1095 2749 1178 2814 inter
1194 2750 1322 2815 rooales
1344 2770 1411 2816 non
1433 2751 1525 2835 gemi-

403 2852 500 2912 natae
522 2864 625 2927 pauoa
647 2847 797 2927 exempla
818 2845 939 2926 reperi:

490 2962 802 3047 ἆποραίνονται
828 2960 899 3045 125,
922 2980 946 3031 5.
976 2970 1045 3048 128,
1068 2980 1093 3031 5.
1138 2960 1386 3054 ἄποραντήριον
1411 2974 1483 3053 159,
1503 2982 1524 3032 6.

405 3059 671 3149 ἆπο[ραν]τήριον
698 3068 767 3148 158,
790 3076 813 3126 6.
842 3100 880 3110 -
909 3064 995 3129 iusta
1016 3064 1172 3147 scriptura
1193 3089 1232 3149 ρρ
1254 3066 1386 3151 saepius
1408 3074 1524 3134 exstat:

404 3157 666 3247 ἄπορραίνονται
691 3165 761 3244 126,
784 3175 808 3227 5.
835 3165 905 3243 121,
928 3173 952 3225 4.
979 3163 1048 3243 122,
1072 3166 1102 3243 5,
1128 3164 1197 3245 130,
1220 3174 1244 3227 4.
1270 3166 1340 3245 131,
1364 3176 1390 3229 4.
1416 3168 1487 3247 132,
1503 3177 1524 3229 l.

405 3255 671 3344 ἂπορραντήριον
704 3263 773 3340 146,
796 3271 820 3322 3.
865 3250 1152 3341 ἆπορ[ρα]ντήριον
1186 3264 1261 3340 156,
1284 3270 1309 3324 6.
1354 3259 1524 3344 dubitatur,

404 3379 480 3423 num
503 3355 595 3422 radix
617 3356 712 3421 huius
734 3356 824 3421 verbi
846 3357 888 3421 ab
911 3356 1001 3421 initio
1025 3355 1187 3439 digamma
1208 3356 1372 3441 habuerit;
1403 3360 1526 3445 Curtius

403 3454 532 3536 quidem
554 3452 667 3518 Gtrdz.3
689 3456 751 3515 215
778 3453 838 3517 hoe
860 3459 967 3537 negat.

490 3569 709 3659 ἇράβδωτα
733 3578 794 3639 322
804 3595 833 3656 a,
856 3589 896 3639 55.
918 3586 957 3637 611.
989 3567 1202 3657 &potatorem
1222 3574 1265 3640 ib.
1283 3580 1333 3641 65.
1363 3577 1398 3643 in
1421 3580 1527 3646 radiae

404 3674 497 3739 huius
526 3672 674 3738 vocabuli
703 3691 895 3754 quamquam
924 3673 1099 3754 antiquitus
1128 3672 1290 3755 digamma
1316 3674 1376 3740 luit
1404 3677 1526 3755 (Grdz.³

404 3774 493 3852 327),
525 3776 634 3835 tamen
663 3793 680 3851 ρ
709 3770 823 3835 literae
854 3770 1106 3852 geminationem
1135 3768 1249 3835 eodem
1277 3771 1374 3838 modo
1404 3793 1468 3856 qno
1495 3775 1525 3838 in

403 3867 477 3932 aliis
497 3866 657 3932 interdum
680 3866 810 3949 neglegi
831 3867 940 3934 mirari
962 3887 1026 3933 non
1049 3886 1227 3951 possumus.

487 3988 565 4054 vitio
597 3988 794 4071 quadratarii
815 3987 934 4053 fantum
956 4009 1028 4056 esse
1051 3988 1193 4072 videtur,
1225 3990 1310 4072 quod
1332 3994 1524 4075 Μυρρίνη

403 4106 520 4153 nomen
548 4087 710 4169 proprium
733 4091 795 4150 475
823 4105 881 4168 per
904 4107 999 4153 unam
1022 4110 1041 4169 ρ
1063 4087 1214 4169 seriptum
1243 4095 1310 4168 est,
1338 4092 1524 4172 praesertim

402 4182 435 4246 in
467 4203 562 4249 versu
597 4183 734 4249 iambico
763 4183 906 4249 senario:
950 4184 1078 4270 [101]an
1111 4182 1280 4269 θανούσης
1313 4182 1381 4265 εἰμὶ
1418 4190 1526 4273 [ovilae

406 4275 609 4362 Μυρ(ρ)ίνης.
