3575 5334
419 668 481 731 222
719 670 870 728 Merdzorf:
899 670 932 726 de
950 670 1065 727 dialecto
1082 668 1237 727 herodotes.

418 847 604 929 scriptorem
625 843 807 928 pedestrem
822 843 918 910 modo
934 844 979 910 sio
993 842 1089 909 modo
1103 843 1199 911 aliter
1213 843 1301 926 loqui
1315 862 1382 909 non
1404 842 1544 925 potuisse

418 943 489 1027 ipse
510 943 699 1026 saepissime
719 943 840 1009 statuit.

504 1041 618 1123 Neque
640 1048 749 1107 tamen
770 1061 841 1106 oum
864 1038 1029 1105 Dindortio
1056 1039 1203 1122 feeerim3
1236 1036 1331 1120 βοαὶω
1356 1037 1449 1104 verbi
1471 1058 1544 1103 ana-

417 1139 506 1222 logia
526 1138 645 1205 formas
666 1145 846 1205 oontraotas
868 1138 1000 1205 minime
1020 1138 1178 1221 postulat,
1208 1137 1295 1220 quod
1316 1162 1335 1224 η
1359 1137 1393 1202 in
1415 1132 1544 1221 βοήσας

418 1257 459 1303 ex
488 1234 555 1301 ἇᾶ
583 1244 694 1303 natum
721 1236 815 1303 aliter
841 1241 940 1319 atque
962 1260 982 1322 η
1005 1236 1039 1300 iu
1068 1232 1194 1321 νοήσας
1223 1255 1265 1301 ex
1288 1260 1304 1301 ε
1326 1236 1448 1302 fantum
1477 1258 1547 1321 pro

417 1337 636 1418 nuntiabatur,
659 1342 694 1401 ut
708 1356 783 1400 mox
798 1335 968 1403 ostendere
986 1334 1136 1400 conabor.
1166 1336 1281 1418 Itaque
1303 1354 1375 1402 oum
1397 1334 1546 1399 librarios

418 1435 571 1517 analogia
584 1435 756 1499 formarum
778 1431 894 1516 βώσας
910 1430 1084 1515 βώσαντες
1105 1438 1267 1516 permotos
1282 1432 1381 1499 etiam
1397 1428 1546 1508 ἐννώσας

417 1532 488 1597 sim.
510 1531 677 1615 scripsisse
692 1530 818 1598 faoilius
833 1532 874 1597 sit
895 1550 1017 1615 ponere
1032 1550 1126 1612 quam
1141 1530 1260 1597 formas
1277 1530 1347 1614 jam
1364 1535 1546 1594 oontraotas

419 1627 525 1694 denuo
546 1630 692 1711 solvisse,
721 1648 848 1713 semper
869 1625 1034 1713 ἐννοήσας
1057 1624 1213 1714 ἐνενόησα
1235 1627 1441 1696 restituemur.

504 1726 612 1791 Etiam
632 1727 737 1792 minus
759 1746 831 1792 oum
853 1725 1020 1792 Dindorsro
1042 1726 1135 1792 ineo
1157 1725 1332 1807 consentio,
1355 1723 1445 1808 quod
1465 1728 1546 1810 βοη-

419 1826 517 1889 θέειν
539 1843 666 1908 semper
686 1828 835 1906 βωθέειν
857 1825 923 1907 legi
944 1825 1030 1905 vult,
1056 1825 1150 1910 eujus
1171 1823 1261 1890 verbi
1282 1823 1364 1890 ratio
1381 1822 1455 1905 jam
1477 1843 1545 1905 pro

419 1926 532 2005 pterea
554 1920 682 1988 diversa
697 1928 755 2004 est,
778 1921 864 2005 quod
879 1946 898 1986 ο
914 1929 980 2008 etp
1000 1922 1053 1989 hio
1074 1922 1108 1987 in
1128 1921 1202 2006 ipsa
1222 1921 1322 2005 stirpe
1343 1925 1545 1985 oonourrunt.

421 2018 555 2085 Oodioes
587 2026 693 2084 autem
723 2021 913 2104 pierumque
946 2039 1057 2086 omnes
1091 2019 1141 2087 toi.
1170 2018 1267 2084 Bred.
1295 2039 1327 2102 p.
1352 2020 1426 2094 196)
1460 2018 1547 2082 velut

418 2116 468 2183 IX
485 2120 535 2182 23.
559 2120 610 2181 26.
634 2121 674 2183 60
691 2117 774 2196 (bis).
797 2122 835 2183 61
854 2117 928 2195 (bis)
952 2117 1031 2182 VIII
1047 2120 1087 2181 72
1106 2124 1167 2183 ete.
1183 2123 1242 2182 eto.
1263 2119 1444 2202 βοηθῆσαι
1464 2118 1544 2198 βοη-

419 2217 517 2280 θέειν
550 2215 720 2297 exhibent,
752 2236 825 2281 raro
851 2215 887 2280 in
917 2216 1053 2298 singulis
1080 2214 1171 2281 libris
1198 2214 1347 2279 maximo
1369 2214 1404 2278 in
1435 2212 1469 2275 R
1496 2211 1545 2290 (of.

419 2312 497 2377 VIII
529 2317 555 2378 1.
593 2317 640 2379 14.
671 2318 723 2379 47.
757 2317 808 2377 71.
843 2318 904 2377 144
939 2313 988 2379 IX
1018 2316 1071 2389 23)
1106 2316 1269 2397 βωθῆσοι
1300 2311 1371 2377 sim.
1406 2315 1543 2376 exstam.

419 2408 631 2493 Quapropter,
654 2430 725 2477 oum
747 2410 942 2492 Bredovius,
965 2409 1000 2476 id
1021 2409 1107 2493 quod
1126 2410 1233 2490 miror,
1256 2417 1408 2491 utrasque
1430 2407 1546 2474 formas

417 2506 582 2573 Herodoto
612 2509 791 2592 permIttat,
824 2508 967 2575 Steinius
993 2508 1064 2575 sine
1095 2507 1193 2573 dubio
1221 2513 1308 2574 reete
1335 2506 1429 2588 fauit,
1463 2504 1544 2589 quod

418 2607 583 2691 βοηθέειν
604 2606 782 2692 βοηθῆσαι
804 2605 914 2672 scribit
935 2605 1064 2688 ubique.
