3575 5334
750 685 783 738 dc
801 684 882 754 alpha
899 682 1041 737 intensive.
1166 650 1172 661 Ι
1417 680 1456 742 85

337 860 529 925 tellexoruut
561 876 656 938 quam
688 855 785 922 ceteri
816 853 1014 936 grammatici
1050 861 1084 919 ut
1116 873 1133 919 e
1168 854 1278 934 glossa
1306 860 1457 937 apparet:

338 953 518 1021 ἀστακτον’
546 950 584 1017 ού
608 949 816 1031 καταστάζον
839 947 923 1015 ἀλλὰ
946 949 1057 1037 ῥύδην.

421 1094 479 1173 325),
512 1084 730 1173 ἀσύφηλος
757 1086 808 1152 bis
829 1085 947 1167 legitur
968 1086 1056 1168 apud
1079 1086 1249 1151 Homerum
1272 1087 1288 1150 Ι
1311 1091 1370 1151 647

399 1203 483 1271 ἀλλά
505 1229 565 1287 μοι
587 1203 760 1274 οἰδάνεται
781 1201 903 1287 κραδίη
924 1200 1023 1288 χόλῳ,
1046 1199 1176 1267 ὃποιότ’
1201 1202 1339 1278 ἐκείνων

399 1302 587 1386 μνήσομαι»
607 1299 653 1380 ὥς
674 1297 712 1383 μ’
737 1297 954 1386 ἀσύφηλον
977 1297 1012 1366 ἓν
1037 1297 1239 1386 Ἀργείοισιν
1262 1300 1372 1385 ἔρεξεν

401 1399 591 1486 Ἀτρείδης,
618 1395 664 1475 ὡς
687 1396 721 1464 c'c'
739 1388 805 1461 τιν’
831 1393 992 1483 ἀτίμητον
1013 1396 1232 1484 μετανάστην.

340 1537 368 1600 Ω
391 1539 452 1600 767
476 1536 602 1614 Helena
623 1534 770 1599 Hectoris
791 1533 1069 1600 mansuetudinem
1091 1532 1271 1618 praedicet:

401 1667 476 1735 ἀλλ)
501 1666 596 1735 ούιτιο
621 1691 676 1735 σοι
699 1663 827 1734 ἀκοοσα
850 1668 953 1733 κακὸν
977 1666 1061 1745 ἐἰτος
1084 1663 1159 1733 οὐδ’
1185 1665 1401 1756 ἀσύφηλον

339 1808 413 1882 Post
428 1806 600 1886 Homerum
624 1804 684 1869 hoo
701 1802 892 1884 vocabulum
915 1824 987 1871 raro
1009 1804 1176 1870 invenitur¹
1192 1805 1281 1884 velut
1301 1826 1353 1889 ap.
1370 1804 1460 1872 Stob.

338 1922 430 1986 serm.
455 1907 495 1967 64
517 1923 549 1988 p.
569 1903 640 1985 408,
664 1904 705 1984 48
727 1898 860 1979 cordaio
883 1898 1131 1966 ἀπαντασεῖται
1152 1899 1251 1986 λόγος
1274 1898 1333 1967 οὐκ
1357 1897 1460 1969 ἀσ-υ·

339 1998 478 2094 φάλως
499 1997 723 2082 μοθεύμενος.
753 1999 967 2065 Resuscitavit
987 1998 1083 2064 etiam
1109 1996 1163 2064 ἀσ.
1201 1998 1308 2077 Quint.
1332 2000 1460 2083 Smyrn.

339 2099 366 2179 o,
390 2100 453 2176 ενιΙ
641 2116 644 2120 ’

399 2206 475 2280 odd'
501 2210 570 2278 αἰεὶ
589 2209 739 2294 χαλεπόν
762 2219 865 2296 θέμις
889 2211 1031 2295 ἔμμεναι
1053 2208 1128 2277 οὐδ’
1152 2210 1379 2300 ἀσύφηλον.

337 2347 434 2415 Varia
461 2353 569 2414 autem
596 2348 638 2413 ab
654 2329 897 2431 'antiquissimis
925 2350 1122 2430 temporibus
1150 2368 1251 2431 usque
1277 2346 1383 2413 adhue
1405 2366 1460 2413 ex·

334 2446 488 2529 plicatum
517 2451 581 2511 est:
616 2437 769 2510 scheid
797 2445 840 2510 ad
867 2446 965 2509 1647
997 2444 1070 2511 ἔστι
1098 2444 1136 2511 δὲ
1164 2442 1338 2532 ἀσύφηλος
1361 2445 1418 2508 καὶ
1441 2439 1460 2507 ὅ

338 2540 555 2617 ἀπαίδευτος.
587 2538 719 2625 ἐγένετο
744 2542 780 2608 δὲ
804 2538 874 2607 ἀπὸ
898 2542 1007 2628 σοφὸς
1034 2540 1195 2628 ούφηλος.
1226 2540 1352 2618 σύνθες
1373 2538 1459 2623 μετὰ

333 2646 395 2727 τῆς
418 2635 440 2702 ἀ
463 2636 670 2724 στερήσεως,
687 2635 886 2725 ’ἀσύφηλος·
915 2638 1083 2722 μετάβαλε
1106 2638 1145 2704 τὸ
1168 2664 1186 2703 ο
1210 2638 1260 2717 εἷς
1282 2638 1321 2703 τὸ
1343 2664 1373 2718 ο,
1402 2640 1460 2704 καὶ

334 2741 465 2820 γίνεται
487 2730 673 2821 ἀσύφηλος,
702 2731 749 2813 οὖς
770 2731 888 2819 ἀγορις
910 2734 967 2801 καὶ
990 2733 1114 2819 ἀγορις.
1160 2737 1252 2803 Hane
1274 2736 1472 2819 explicatio-¹

328 2854 408 2901 nem
438 2850 521 2915 quae
545 2851 610 2896 uon
632 2833 737 2898 minus
758 2831 983 2915 significationi
1004 2856 1100 2917 quam
1122 2855 1271 2900 sonorum
1293 2833 1461 2899 mutationi

329 2930 509 3015 respondet
529 2928 642 2994 merito
665 2928 793 2995 Curtius
815 2938 942 2997 secutus
965 2940 1013 2998 est
1034 2934 1056 2997 l.
1078 2932 1100 2997 l.
1123 2936 1196 3013 458,
1218 2931 1344 2997 collatis
1368 2950 1461 2996 voca-

329 3029 419 3094 bulis
435 3029 585 3111 Σίσοφος
608 3032 640 3092 et
662 3025 784 3112 σύφαξ.
813 3027 954 3094 Litoteta
975 3030 1061 3094 euim
1080 3029 1114 3093 in
1129 3030 1286 3094 vocabulo
1308 3028 1461 3110 negativo

329 3146 399 3191 non
433 3143 539 3189 raram
570 3142 643 3189 esse
675 3122 824 3190 vidimus.
875 3125 922 3191 Ol.
940 3127 1054 3191 etiam
1083 3129 1143 3209 Ap.
1173 3127 1236 3191 lex.
1269 3120 1460 3210 ἀούφηλος·

331 3219 493 3306 ἀμαθής·
524 3216 662 3297 οὐδενὸς
684 3220 770 3299 (add.
795 3218 917 3303 ἀξιος),
940 3220 1078 3305 ἀτιμος,
1107 3222 1246 3306 Hesyeh.
1269 3217 1460 3306 ἀσύφηλον·

331 3315 552 3396 ἀπαίδευτον,
581 3315 694 3397 κακόν,
725 3313 934 3403 ἀμαρτωλόν.
975 3315 1149 3399 ἀδόκιμον,
1181 3316 1327 3404 μηδενὸς
1354 3313 1461 3397 ἀξιον.

331 3415 419 3482 Nolo
449 3421 572 3480 ceteras
594 3414 734 3480 virorum
756 3415 921 3483 doctorum
944 3416 1175 3500 explicationes
1201 3434 1460 3499 commemorare,
1480 3496 1483 3500 ‚

333 3531 418 3595 quae
439 3529 544 3603 neque
559 3530 580 3576 a
594 3511 682 3577 sonis
704 3532 808 3597 neque
829 3534 850 3578 a
871 3513 1103 3598 significatione
1125 3513 1203 3578 satis
1224 3513 1367 3579 habeant
1388 3534 1460 3596 pro-

332 3607 521 3674 babilitatis.
559 3608 709 3690 Plerique
730 3629 814 3675 nuno
836 3611 879 3677 ad
902 3612 1098 3694 adjectivum
1122 3607 1244 3697 σιφλός
1265 3610 1460 3689 ,μίεῐσῐιοίεκ

335 3705 385 3783 (cf.
403 3703 549 3782 σιπαλος
571 3705 650 3771 Lob.
667 3707 756 3789 path.
775 3707 869 3790 proll.
886 3712 956 3791 140,
979 3708 1020 3773 ol.
1036 3708 1052 3772 Ι
1068 3712 1142 3787 225)
1164 3707 1351 3791 confugiunt
1371 3709 1461 3774 velut

334 3800 515 3885 Benleyus,
553 3803 759 3886 Bottcherus,
793 3805 1009 3888 Duantzerus,
1046 3806 1118 3887 alii,
1155 3806 1240 3889 quod
1271 3806 1358 3873 idem
1389 3806 1460 3889 jam

335 3896 552 3965 Doederlinus
573 3900 723 3985 probavit
739 3899 840 3982 alpha
854 3921 946 3968 suum
962 3903 1156 3968 intensivum
1178 3903 1365 3970 defendens.
1395 3901 1461 3969 Sed

335 4002 454 4079 quanto
487 3996 596 4079 plures
629 3996 831 4064 difficultates
865 4017 906 4064 ex
938 3999 1000 4065 hae
1032 4000 1247 4086 explicatione
1277 4000 1461 4067 exoriantur

334 4111 430 4174 quam
461 4111 503 4157 cx
530 4098 641 4159 nostra
670 4092 764 4177 periti
793 4094 889 4161 laoils
915 4096 1124 4180 intellegunt,
1153 4103 1188 4162 ut
1216 4095 1356 4161 omittam
1380 4092 1460 4158 talia

336 4194 517 4254 commenta
539 4190 649 4272 qualia
669 4191 743 4258 aliis
767 4192 801 4256 in
822 4199 961 4263 mentem
977 4198 1143 4273 venerunt,
1166 4192 1255 4257 velut
1269 4190 1459 4257 Houniokso

335 4281 512 4372 ἀσύφηλος
534 4286 694 4353 derivanti
716 4288 866 4355 aradios
889 4290 996 4355 nescio
1019 4309 1083 4373 qna
1106 4310 1174 4373 ουφ
1197 4306 1254 4369 pro
1276 4290 1363 4371 θυφ.
