3575 5334
337 676 378 739 48
849 679 949 733 Clemm

337 851 477 933 amplexi
502 851 748 934 explicationem
772 852 831 917 sed
853 871 935 933 quae
958 852 1147 916 Hennickeo
1178 851 1219 917 de
1242 852 1340 935 alpha
1361 852 1416 920 int.
1436 856 1452 916 9

337 968 402 1012 non
425 948 631 1033 displicuerit.
676 948 765 1027 Quae
788 970 858 1014 cum
881 950 926 1014 ita
948 949 1021 1031 sint,
1045 948 1125 1013 nihil
1148 949 1307 1031 reliquum
1330 956 1378 1015 est
1400 950 1454 1016 nisi

336 1052 371 1109 ut
393 1041 535 1133 ἀ-ζηχής
557 1066 614 1129 pro
637 1042 797 1132 ἀ-διηχής
820 1066 891 1112 esse
913 1066 983 1111 cum
1008 1045 1215 1125 Doederliuo‚
1246 1048 1344 1128 gloss.
1369 1049 1453 1113 Hom.

337 1143 368 1206 Il
391 1146 452 1208 279
475 1149 669 1225 statuamus,
699 1144 785 1225 quod
806 1163 885 1209 cave
914 1163 955 1209 ue
985 1149 1115 1226 propter
1143 1144 1246 1207 locum
1270 1151 1367 1209 autea
1395 1145 1455 1209 lau-

336 1240 446 1305 datum
472 1246 525 1306 o3
549 1262 619 1306 cum
644 1237 781 1325 ἄὸιεχής
803 1240 998 1306 confundas:
1032 1241 1239 1324 compositum
1264 1242 1348 1306 enim
1374 1248 1456 1308 este

335 1337 435 1419 stirpe
462 1339 552 1404 verbi
581 1332 667 1421 ἠχέω
700 1346 731 1403 et
756 1357 774 1402 e
796 1358 907 1422 praep.
933 1334 989 1401 διά
1017 1337 1128 1402 addito
1151 1338 1252 1421 alpha
1273 1340 1455 1421 protheticq

335 1442 370 1499 ut
392 1456 522 1501 sensum
544 1436 663 1502 habeat
685 1435 877 1518 penetrandi
900 1434 942 1500 ad
965 1456 1061 1500 sonos
1083 1442 1277 1501 revocatum.
1330 1437 1458 1503 Accedit

336 1532 421 1613 quod
444 1534 541 1598 etiam
564 1535 597 1597 in
620 1533 995 1622 posterioreGraecitate
1019 1529 1146 1618 ὄιηχής,
1173 1530 1298 1618 διηχέω
1322 1535 1457 1617 recurrit,

335 1648 418 1710 quae
439 1636 547 1696 tamen
571 1650 636 1695 nou
658 1628 775 1695 infitior
796 1650 816 1695 a
838 1630 1010 1696 Plutarcho
1033 1628 1145 1694 novari
1171 1631 1323 1712 potuisse.
1370 1631 1457 1710 Quod

335 1731 440 1791 autem
470 1728 557 1812 apud
583 1727 756 1792 Homerum
785 1728 985 1810 potissimum
1018 1728 1150 1793 formam
1185 1722 1310 1814 ἆζηχής
1340 1728 1458 1794 inveni-

336 1844 416 1906 mus,
439 1824 474 1889 id
496 1824 624 1907 quidem
646 1824 776 1889 minime
798 1826 837 1890 iis
860 1825 974 1890 mirum
997 1823 1098 1889 videri
1121 1823 1218 1890 debet
1240 1826 1294 1906 qui
1317 1826 1457 1893 Homeri-

335 1940 393 1986 cae
425 1922 558 2005 linguae
592 1923 758 1988 varietatis
787 1922 988 1987 meminerint
1022 1928 1142 2005 quanta
1176 1922 1217 1986 sit
1250 1929 1458 2006 reputentque

335 2018 487 2085 Aeolieae
519 2020 716 2103 potissimum
751 2019 878 2085 dialecti
908 2041 973 2084 non
1010 2020 1112 2085 solum
1142 2017 1181 2097 ζα
1209 2039 1267 2101 pro
1303 2018 1361 2083 dcci
1392 2042 1457 2103 prc-

336 2116 438 2198 prium
467 2117 564 2183 luisse
592 2137 703 2182 verum
733 2118 828 2182 etiam
865 2117 965 2200 alpha
999 2115 1211 2200 protheticum
1251 2117 1295 2181 ibi
1325 2117 1457 2184 inveniri

335 2214 390 2278 ubi
413 2216 535 2280 nullum
559 2216 599 2281 sit
622 2214 736 2280 Atticis
758 2215 847 2279 velut
869 2215 903 2278 in
927 2210 1027 2299 dupe,
1055 2211 1142 2299 doqu
1166 2215 1417 2296 pronominibus.

421 2314 506 2379 Ante
521 2320 641 2378 mutam
664 2332 734 2377 cum
757 2311 879 2392 liquida
902 2312 1060 2393 prothesis
1083 2312 1184 2378 rarius
1205 2312 1380 2392 invenitur,
1404 2310 1455 2377 sed

336 2410 493 2474 nonnulla
526 2417 611 2475 certe
648 2410 798 2491 exempla
833 2408 958 2474 Curtius
992 2408 1198 2491 investigavit
1236 2410 1326 2474 velut
1360 2404 1456 2492 ’ἄτρυ-

336 2504 489 2591 γηφάγας
517 2507 571 2571 vel
601 2500 851 2591 ὀτραγηφάγος,
886 2526 948 2588 quo
978 2525 995 2570 e
1024 2526 1155 2571 numero
1183 2505 1245 2570 duo
1268 2513 1343 2572 sunt
1367 2508 1455 2572 etiam

335 2602 397 2666 hue
419 2603 602 2669 referenda:
634 2599 800 2689 ἀβληχρὸς
822 2608 855 2665 et
879 2598 1006 2679 Ἄτλας.

490 2727 520 2795 5)
554 2717 763 2805 &dioride

334 2838 501 2919 legitera
523 2843 584 2905 336
611 2852 708 2921 χεῖρα
731 2836 953 2923 ἀβληχρήν,
984 2842 1013 2903 Θ
1040 2842 1099 2903 178
1121 2842 1233 2918 τείχεα
1257 2835 1454 2925 ἄβληχρά,

335 2934 353 2997 λ
372 2939 431 3000 134
454 2935 605 3012 θάνατος
628 2932 846 3021 ἀβληχρός.
893 2936 1024 3001 Veteres
1046 2934 1246 3017 grammatici
1270 2935 1456 3001 dubitabant

335 3037 439 3097 utrum
454 3033 554 3118 alpha
568 3041 653 3101 esset
675 3034 866 3118 privativum
890 3054 933 3097 an
955 3034 1149 3099 intensivum
1172 3053 1212 3097 au
1236 3032 1454 3115 euphonicum,

334 3131 526 3197 recentiores
560 3152 670 3198 omnes
709 3133 776 3198 fere
814 3132 1043 3196 intellexerunt
1074 3130 1173 3214 alpha
1210 3150 1281 3195 esse
1315 3130 1454 3208 otiosum,

335 3230 411 3309 quia
446 3251 602 3313 nusquam
646 3232 718 3314 plus
761 3228 941 3312 significare
984 3235 1118 3311 apparet
1160 3224 1327 3312 ἀβληχρός
1367 3246 1455 3310 quam

334 3326 419 3406 quod
439 3326 516 3391 item
539 3328 675 3392 traditur
708 3324 861 3411 βληχρός.
908 3326 1106 3404 Lobeckius,
1137 3324 1226 3407 path.
1250 3325 1291 3389 el.
1316 3325 1331 3388 Ι
1355 3329 1392 3389 31
1418 3323 1453 3387 de

335 3424 573 3505 praepositione
595 3425 751 3505 loquelari
774 3430 808 3487 ut
830 3425 958 3506 saepius
980 3423 1140 3504 cogitavit,
1165 3422 1374 3486 Hennickeus
1397 3441 1455 3485 nou

335 3519 461 3584 nescius
490 3540 584 3602 quam
613 3522 769 3585 lubricum
792 3540 830 3584 ac
853 3519 981 3585 difficile
1004 3527 1088 3585 esset
1111 3519 1268 3601 judicium
1291 3518 1332 3583 de
1356 3518 1455 3583 sonitu

335 3635 448 3680 vocum
474 3616 666 3698 jucundiore
692 3618 747 3699 qui
770 3638 789 3681 a
815 3618 946 3682 Graecis
969 3613 1121 3702 ericpcuru'o
1146 3616 1304 3680 diceretur·
1325 3637 1390 3680 non
1413 3634 1455 3679 so·

336 3714 401 3776 lum
436 3715 552 3779 rectius
584 3716 683 3797 alpha
715 3716 943 3797 prosthetioum
978 3714 1175 3795 nuncupavit
1208 3712 1266 3777 sed
1294 3713 1392 3777 ctiam
1425 3712 1453 3774 in

335 3809 475 3875 radicem
502 3812 584 3891 μαλ,
607 3812 672 3890 pta
696 3812 825 3890 incidit,
850 3812 935 3893 quod
958 3811 1165 3891 veriloquium
1196 3808 1246 3885 (of.
1270 3806 1453 3889 μαλθακός,

337 3902 492 3988 ἀ-μαλός,
514 3906 607 3989 βλάξ,
632 3910 702 3973 Lat.
725 3910 828 3971 rnolla'c
851 3910 906 3977 al.)
929 3928 1014 3972 nunc
1030 3907 1156 3972 Curtius
1178 3908 1199 3970 l.
1220 3907 1240 3969 l.
1266 3909 1325 3969 327
1350 3905 1396 3969 ita
1416 3903 1452 3968 ab

336 4006 422 4070 omui
444 4015 536 4089 parte
559 4005 703 4071 defendit
724 4014 758 4071 ut
781 4006 874 4070 nobis
898 4006 974 4069 nihil
996 4006 1160 4085 reliquerit
1182 4003 1268 4085 quod
1291 4001 1452 4067 addamus.

490 4128 521 4202 6)
551 4123 692 4201 Ἄτλας

336 4256 387 4321 Et.
403 4259 444 4323 Μ.
468 4278 497 4341 p.
519 4260 587 4336 164,
611 4260 651 4321 28
675 4260 831 4341 σημαίνει
857 4253 892 4319 δὲ
918 4256 1005 4319 καὶ.
1031 4305 1037 4317 .
1062 4304 1069 4319 .
1094 4305 1100 4318 .
1124 4260 1183 4318 τοῦ
1207 4278 1227 4317 α
1251 4249 1340 4316 κατ’
1366 4250 1452 4317 ἐπί-
