3575 5334
686 696 719 749 de
737 697 819 763 alpha
836 696 978 749 intensive.
1345 689 1385 752 73

262 868 349 935 dario
379 867 493 934 suffixo
523 866 734 933 derivandum
756 867 798 932 sit
826 867 845 930 i.
870 886 898 932 e.
929 866 1092 946 Nemesis,
1122 886 1217 948 quam
1247 868 1387 948 effugere

260 986 354 1033 nemo
382 972 499 1050 potest.
544 964 588 1029 Ut
609 962 652 1028 ad
680 963 846 1030 vitandam
869 963 1000 1029 deorum
1023 962 1179 1027 invidiam
1202 963 1317 1029 Graeci
1341 963 1387 1029 di·

262 1082 331 1129 cere
365 1062 515 1128 solebant
546 1068 724 1146 ννροςκννιῦ
753 1059 813 1147 τὴν
839 1063 985 1142 Νέμεσιν
1015 1062 1169 1136 (nostrum
1199 1060 1386 1144 retuterusen)

262 1160 305 1225 sic
339 1158 436 1225 etiam
467 1176 566 1241 saepe
599 1158 759 1224 invenitur
796 1181 914 1243 προςκ.
948 1156 1008 1242 τὴν
1039 1153 1263 1238 Ἀδράστειαν
1298 1159 1387 1224 velut

263 1255 348 1339 apud
370 1254 537 1320 Demosth.
561 1255 634 1320 adv.
658 1256 796 1338 Aristog.
820 1256 835 1319 Ι
857 1276 888 1338 p.
913 1257 993 1336 495,
1023 1254 1104 1319 Piat.
1128 1274 1194 1338 rep.
1218 1254 1246 1319 V
1268 1275 1299 1336 p.
1323 1260 1383 1320 451

263 1354 309 1435 A,
333 1351 374 1418 cf.
396 1353 471 1416 Eur.
493 1352 590 1417 Rhes.
614 1355 687 1435 342,
711 1357 783 1420 468.

349 1474 401 1546 rc)
439 1456 600 1547 ἄξονος.

263 1587 400 1673 Hesych.
432 1583 567 1665 ἅζαλές·
597 1585 839 1652 πολύνονονν
866 1581 887 1673 ἢ
917 1582 1128 1669 ὀλιγόπνονν.
1173 1588 1388 1655 Doederlinus

263 1684 313 1768 qui
335 1690 424 1750 recte
445 1702 562 1749 nomen
585 1681 665 1769 ζάλη
688 1691 855 1766 comparat
878 1683 1119 1767 grammaticum
1140 1692 1266 1751 secutus
1288 1686 1391 1769 alpha
1509 1709 1512 1714 ·

264 1782 329 1848 sive
358 1781 553 1845 intensivum
583 1781 652 1847 sive
681 1782 892 1865 euphonicum
923 1799 994 1846 esse
1022 1781 1100 1846 vuit.
1145 1782 1299 1847 Neutrum
1322 1801 1389 1848 cre·

265 1877 363 1944 dibile
386 1884 449 1959 est,
480 1877 538 1943 sed
564 1878 756 1961 privativum
779 1879 863 1943 male
892 1883 927 1941 ut
955 1878 1060 1942 soient
1084 1879 1312 1947 intellexerunt
1334 1900 1389 1947 ve·

264 1982 346 2043 teres
381 1977 581 2058 interpretes.
633 1975 732 2040 Maur.
765 1982 872 2041 autem
902 1974 1097 2041 Schmidtius
1130 1976 1215 2041 hauc
1245 1978 1387 2059 glossam

264 2093 326 2140 non
361 2071 458 2138 video
487 2090 542 2137 cur
574 2094 595 2138 a
628 2073 830 2155 Diogeniano
863 2071 1112 2153 abjudicaverit,
1146 2091 1216 2137 cum
1250 2074 1280 2139 ei
1313 2094 1387 2140 con·

267 2168 398 2236 cesserit
434 2169 569 2235 alteram
603 2189 674 2233 cnm
711 2176 821 2235 nostra
857 2175 1043 2250 cognatam:
1076 2166 1197 2255 ἀζάλη·
1234 2168 1389 2254 νήνεμος,

266 2264 401 2353 γαλήνη.

350 2380 403 2457 ’16)
441 2379 624 2467 ἀζείρον.

266 2502 404 2587 Hesych.
435 2498 585 2581 ἀζώσνου
619 2495 640 2586 ἢ
670 2499 950 2581 πολοζώστον.
995 2500 1046 2566 De
1078 2502 1139 2567 hac
1166 2503 1276 2585 glossa
1302 2502 1390 2569 idem

266 2600 350 2665 valet
373 2598 459 2681 quod
482 2597 523 2663 de
545 2596 765 2663 antecedenti:
799 2598 993 2681 privativum
1015 2599 1114 2682 alpha
1137 2606 1195 2665 est.
1232 2596 1390 2686 ’Ἀζειρος

267 2695 426 2780 quondam
450 2695 610 2762 exstitisse
637 2693 830 2777 adjectivum
854 2695 931 2761 inde
952 2695 1163 2779 comperimus
1190 2698 1390 2781 significans:

266 2795 354 2872 ,siue
383 2796 495 2858 zonat
550 2792 729 2876 Hesychius
758 2793 842 2858 euim
869 2793 968 2858 habet
997 2792 1106 2877 ζειρά·
1144 2793 1178 2858 οἱ
1205 2796 1267 2876 μὲν
1296 2790 1392 2873 εἶδος

263 2898 415 2973 χιτῶνος,
439 2888 472 2954 οἱ
496 2888 532 2954 δὲ
558 2886 679 2975 ζώνην·
709 2890 841 2973 βέλτιον
866 2889 903 2957 δέ
925 2916 958 2955 τι
981 2888 1061 2955 ἄλλο
1084 2889 1282 2975 ἒννιβόλαιον
1305 2891 1391 2957 κατὰ

263 2994 329 3052 τῶν
364 2982 464 3068 ὤμων
499 2982 725 3072 φορούμενον,
760 2983 874 3063 ἐοικὸς
902 2986 1085 3073 &punctor-
1122 2989 1179 3053 καὶ
1209 2985 1392 3072 Ἡρόδοτος

263 3093 428 3169 μαρτυρεῖ
453 3080 488 3148 ἐν
511 3079 536 3161 ζ
561 3082 634 3155 (VII
658 3084 710 3158 69)
739 3085 794 3149 καὶ
821 3082 1031 3167 Θεόπομπος
1061 3083 1189 3161 ὃΧῑος
1219 3092 1250 3150 et
1279 3086 1390 3172 ζείρη·

263 3169 377 3265 μ’ίτρα,
406 3183 530 3258 ταινία,
554 3177 712 3266 διάδημα.
754 3180 973 3261 Veriloquium
1000 3182 1027 3247 si
1057 3182 1198 3265 quaeris,
1228 3181 1322 3245 radix
1352 3181 1390 3247 ds

263 3279 410 3361 ,ligare“
432 3278 465 3341 in
490 3283 639 3359 promptu
662 3283 727 3358 est,
755 3275 842 3342 unde
871 3275 1037 3363 dud-dopo
1060 3298 1184 3360 quoque
1210 3277 1392 3344 descendit:

264 3376 377 3460 ζειρον
393 3380 500 3440 autem
517 3382 565 3439 est
579 3394 636 3456 pro
654 3373 808 3457 ζε-ριο-ν,
821 3380 856 3437 ut
871 3372 975 3457 ζειρα,
989 3374 1080 3462 {cipp
1096 3395 1153 3460 pro
1169 3374 1273 3460 ζερια,
1287 3374 1390 3463 decep.

355 3513 406 3585 17)
445 3506 638 3586 α’ίσνλος,
663 3503 857 3592 adactor.

263 3644 357 3711 Haec
385 3663 511 3725 quoque
539 3642 702 3725 adjectiva
724 3644 894 3710 Homerica
916 3666 981 3710 non
1004 3645 1173 3711 defuerunt
1193 3648 1393 3731 grammatici

264 3741 321 3824 qui
343 3741 385 3806 ab
408 3740 508 3822 alpha
529 3740 689 3805 intensivo
710 3739 852 3824 incipere
875 3742 1103 3825 existimarent,
1127 3742 1185 3809 sed
1206 3745 1306 3828 alpha
1321 3765 1393 3812 esse

263 3837 464 3923 privativum
485 3838 632 3903 uberiore
661 3837 876 3922 disputatione
906 3840 1040 3911 evicisse
1069 3840 1162 3907 nobis
1190 3841 1337 3908 videmur
1358 3843 1392 3908 in

265 3934 355 4003 Ourt.
378 3933 462 4000 stud.
485 3935 533 3998 III
556 3938 617 3999 300
633 3952 702 4017 sqq.

357 4056 408 4128 18)
446 4047 698 4137 ἀθέσφατος

264 4170 440 4238 manifesto
463 4170 613 4253 exemplo
635 4176 693 4253 est,
717 4189 781 4252 qua
802 4171 927 4238 ratione
947 4192 968 4237 a
989 4171 1141 4255 negative
1162 4167 1395 4250 significatione

265 4268 312 4335 ad
353 4268 549 4335 intensivam
592 4286 674 4350 quae
716 4267 818 4334 videri
861 4274 966 4352 potest
1002 4266 1116 4335 Graeci
1156 4284 1281 4346 quoque
1322 4284 1393 4348 per-
