3575 5334
723 713 755 766 de
774 712 887 768 dialecto
905 714 1060 769 herodotea.
1272 678 1275 681 Δ
1393 714 1454 777 133

328 884 533 967 fontibusque
568 904 609 950 ex
638 884 752 966 quibus
787 885 962 951 hauserunt
996 887 1177 970 perquisitis
1206 889 1286 954 nihil
1315 890 1363 955 eis
1390 881 1456 956 cre·

329 981 407 1047 dere
435 982 546 1064 liceat;
577 990 608 1047 et
635 1001 706 1047 cum
736 982 770 1046 in
801 982 947 1049 dialectis
976 985 1100 1051 aeolica
1128 993 1161 1050 et
1190 986 1299 1051 dorica
1326 994 1393 1052 tum
1421 990 1455 1053 in

330 1079 468 1145 dialecto
500 1079 622 1161 ionica,
654 1099 696 1145 ne
723 1086 843 1145 temere
871 1080 918 1146 eis
947 1080 1158 1164 confidamus,
1188 1083 1367 1148 cavendum
1396 1091 1455 1151 est.

330 1178 463 1243 Praeter
491 1197 531 1243 ea
558 1177 653 1256 vitia,
688 1196 770 1259 quae
800 1178 946 1244 omnihus
974 1181 1192 1261 grammaticis
1219 1180 1345 1263 graecis
1372 1202 1456 1247 com-

330 1275 440 1339 munia
468 1282 557 1356 sunt,
588 1275 780 1357 posteriores
809 1295 867 1339 suo
890 1275 1021 1340 nomine
1051 1284 1195 1359 peccant.
1239 1275 1359 1343 Omnes
1381 1280 1456 1343 scri·

330 1379 438 1456 ptores
461 1373 610 1450 miseent;
640 1377 768 1454 praeter
791 1371 987 1437 Herodotum
1010 1373 1236 1456 Hippocratem
1259 1394 1324 1438 non
1350 1376 1454 1443 solum

331 1470 503 1535 Homerum
528 1477 559 1534 ct
580 1468 756 1534 Hesiodum
779 1468 837 1534 sed
860 1470 957 1533 etiam
983 1470 1169 1553 Euripidem
1179 1474 1199 1546 ¹)
1223 1471 1353 1536 dialecti
1376 1472 1455 1554 ioni-

331 1586 386 1632 cae
409 1572 573 1631 auctorem
596 1585 667 1631 esse
690 1566 858 1649 exhibent,
888 1575 923 1632 ut
950 1568 1011 1633 nisi
1035 1570 1182 1651 exemplo
1205 1567 1333 1649 addito,
1362 1570 1454 1652 cujus

331 1664 493 1746 scriptoris
523 1684 598 1729 usus
627 1673 898 1745 commemoretur,
928 1667 1117 1737 nesciamus.
1168 1666 1265 1729 Nullo
1295 1666 1379 1731 enirn
1409 1667 1454 1732 di-

331 1761 480 1826 scrimino
508 1761 628 1827 multae
655 1780 706 1827 res
735 1763 788 1826 vel
818 1762 878 1827 soli
901 1762 1039 1827 Homero
1070 1763 1120 1833 (ct.
1144 1762 1239 1843 Greg.
1263 1761 1334 1827 (lor.
1360 1767 1380 1843 ξ
1402 1767 1453 1831 20.

332 1862 381 1922 22.
405 1862 458 1928 321
488 1861 541 1923 vel
563 1858 727 1924 Herodoto
755 1860 808 1924 vel
837 1859 892 1923 alii
921 1859 1049 1925 cuidam
1077 1860 1227 1943 propriae
1255 1879 1312 1942 pro
1341 1860 1455 1928 ionicis

332 1954 530 2036 venduntur3
574 1956 673 2021 verba
710 1955 868 2036 quaedam
911 1957 1059 2022 omnibus
1095 1956 1227 2022 Graecis
1263 1959 1454 2040 communia,

333 2053 406 2135 quia
427 2052 557 2117 fortuito
579 2053 667 2136 apud
691 2053 830 2117 ionicum
853 2054 1040 2136 scriptorem
1068 2054 1227 2135 leguntur,
1256 2054 1361 2120 ionica
1383 2075 1456 2122 esse

332 2150 478 2215 dicuntur
501 2150 551 2219 101.
569 2152 664 2233 Greg.
681 2149 751 2216 Cor.
767 2154 786 2231 ξ
803 2154 852 2217 81.
872 2153 912 2215 82
935 2158 967 2216 et
982 2150 1088 2216 Schts.
1105 2150 1241 2234 adnot.);
1264 2152 1455 2232 quinetiam

332 2254 421 2313 tanta
450 2255 584 2330 egerunt
611 2250 743 2313 levitate
771 2256 806 2313 ut
833 2270 853 2312 a
882 2248 1036 2329 Gregorio
1065 2247 1229 2313 Corinthio
1257 2249 1276 2325 ὅ
1301 2251 1360 2311 122
1394 2250 1455 2313 hoc

332 2345 519 2411 adnotatum
547 2346 604 2411 sit:
634 2341 766 2430 Ὄσιριν
790 2344 826 2409 δὲ
851 2346 991 2410 καλοῦσι
1017 2343 1075 2408 τὸν
1098 2342 1273 2420 Διόνυσον,
1302 2346 1453 2425 quoniam

333 2442 511 2508 Herodotus
541 2445 717 2527 Aegyptios
742 2443 935 2526 Dionysium
965 2440 1079 2507 Osirim
1114 2442 1298 2524 appellasse
1333 2450 1453 2508 narrat.

333 2539 420 2606 Haec
443 2539 601 2606 sufficient
622 2541 665 2605 ad
689 2539 988 2619 demonstrandum,
1019 2541 1206 2622 quantulum
1228 2538 1380 2622 ponderis
1402 2539 1454 2606 his
1548 2599 1556 2616 ,

332 2636 560 2720 posterioribus
589 2638 804 2719 grammaticis
826 2637 1031 2701 tribuendum
1054 2637 1111 2719 sit,
1141 2656 1332 2718 quamquam
1356 2637 1454 2703 etiam

332 2754 369 2800 ea
397 2735 432 2799 in
462 2733 533 2798 rudi
561 2735 784 2818 indigestaque
813 2736 899 2799 mole
928 2736 1124 2800 nonnullae
1153 2735 1337 2800 melioribus
1364 2733 1455 2800 libris

332 2831 447 2897 tradita
470 2850 541 2897 esse
563 2832 711 2914 equidem
735 2851 800 2896 non
822 2831 1018 2914 negaverim.

417 2928 584 2995 Nostrates
613 2929 812 3011 grammatici
842 2929 926 2993 hanc
955 2929 1175 3011 quaestionem
1192 2930 1238 2993 in
1268 2929 1454 3012 universum

331 3046 394 3091 non
417 3033 623 3108 curaverunt,
654 3025 712 3092 sed
741 3025 868 3107 singula
896 3032 1020 3090 tantum
1049 3046 1106 3091 suo
1133 3027 1202 3090 loeo
1228 3045 1455 3091 commemora-

331 3132 454 3189 verunt.
513 3125 637 3188 Tamen
671 3142 710 3188 ea
742 3123 903 3188 sententia
935 3123 1127 3204 pervulgata
1159 3130 1224 3203 est,
1262 3141 1326 3203 qua
1358 3121 1454 3188 Iones

332 3228 441 3285 eontra
476 3227 654 3286 ceterarum
688 3219 895 3284 dialectorum
929 3218 1084 3283 rationem
1113 3220 1242 3282 vocales
1274 3236 1339 3281 non
1373 3217 1478 3284 duas·

331 3325 453 3383 tanturn
478 3318 536 3382 sed
558 3318 653 3382 etiam
669 3322 734 3382 tres
756 3318 906 3399 pluresve
920 3321 1144 3380 concurrentes
1158 3335 1222 3379 non
1245 3315 1453 3397 contraxisse,

331 3415 386 3481 sed
414 3415 555 3480 libenter
582 3415 771 3480 toleravisse
800 3413 1033 3478 existimantur.
1078 3412 1200 3477 Paucos
1229 3412 1322 3477 locos·
1337 3412 1454 3480 afferre

331 3513 408 3579 satis
429 3512 545 3577 haheo.
590 3511 765 3577 Dindorf
771 3512 833 3575 ius
855 3511 888 3575 in
918 3509 1017 3592 praet.
1041 3530 1072 3591 p.
1096 3510 1127 3573 X
1156 3506 1317 3593 expressis
1345 3510 1453 3577 verbis

332 3608 422 3674 dicit:
453 3609 615 3687 „Dialecti
636 3608 760 3674 ionicae
780 3606 932 3673 mollities
954 3607 1083 3672 vocales
1105 3607 1231 3674 hiantes
1254 3607 1384 3672 minime
1400 3606 1454 3672 de·

331 3706 476 3791 fugit“²);
505 3727 537 3789 p.
560 3706 656 3771 XXV
684 3705 767 3783 „nisi
790 3705 860 3786 quis
885 3711 1016 3787 propter
1038 3704 1177 3787 plurium
1199 3705 1359 3770 vocalium
1381 3724 1455 3771 con·

400 3905 419 3967 ¹)
437 3901 517 3970 Greg.
536 3900 598 3956 Cor.
616 3918 642 3969 p.
662 3905 726 3956 401:
749 3900 796 3957 τὰς
813 3897 850 3957 εἷς
869 3918 906 3957 ως
922 3897 1059 3967 ληγούσας
1075 3899 1183 3967 γενικὰς
1201 3899 1249 3958 τὰς
1267 3896 1323 3953 ἀπὸ
1341 3903 1399 3952 τῶν
1416 3898 1455 3958 εἰς

335 3998 355 4037 ις
371 3978 491 4035 εὐθειῶν
507 3981 654 4050 γινομένας
679 3979 724 4031 διὰ
749 3982 798 4032 τοῦ
815 3997 858 4036 εος
875 3982 1067 4052 προφέρουσιν
1086 3978 1170 4050 ὄφεος
1193 3981 1315 4048 λέγοντες
1339 3979 1386 4031 διὰ
1403 3982 1454 4031 τοῦ

336 4079 348 4111 ο
363 4065 463 4132 μικροῦ
481 4061 527 4113 καὶ
545 4061 676 4129 πρέσβεος
693 4058 740 4110 καὶ
762 4059 879 4128 petrosos
896 4060 940 4112 καὶ
958 4060 1054 4118 πόλεος
1073 4058 1110 4117 ὠς
1126 4058 1156 4112 ἒν
1170 4058 1279 4130 Ὀρέστῃ
1299 4055 1454 4129 Εὐριπίδου

591 4156 619 4218 ὃς
637 4158 672 4213 ἂν
690 4158 804 4223 δύνηται
821 4161 916 4219 πόλεος
933 4161 962 4214 ἔν
980 4160 1007 4215 τ’
1029 4158 1159 4232 ἀρχαῖσιν
1175 4152 1195 4231 ᾖ

337 4264 376 4316 καὶ
393 4256 422 4317 ἐι)
441 4258 513 4330 ἄλλῳ
532 4261 653 4333 δράματι
670 4282 692 4316 κ.
713 4280 733 4316 τ,
752 4262 774 4314 l.

400 4345 421 4411 ²)
439 4342 593 4398 Ridiculum
611 4347 660 4410 est,
679 4341 750 4412 qnod
768 4342 861 4398 eadem
879 4341 913 4396 de
931 4356 1014 4397 causa
1033 4345 1159 4410 „propter
1174 4354 1282 4394 suarem
1299 4339 1353 4395 oris
1369 4338 1453 4394 ionici
