3575 5334
646 706 679 760 de
697 705 812 760 dialecto
831 706 922 759 Attica
939 704 1094 760 vetustiore.
1128 705 1150 757 Ι.
1396 700 1456 760 271
1491 776 1494 779 Δ

331 886 414 955 utar,
439 869 559 952 ἀετός
582 899 647 942 non
670 897 709 942 ex
732 870 875 960 *ajace
906 883 941 941 ut
963 878 1174 959 Brugmanus,
1203 878 1293 942 Stud.
1317 878 1370 958 IV,
1397 877 1457 937 179

331 975 449 1055 voluit,
474 976 683 1059 productione
705 975 902 1058 suppletoria
923 976 1134 1049 factumesse
1158 974 1313 1055 existimo,
1337 976 1395 1041 sed
1418 995 1458 1041 ex

332 1070 490 1147 *alsterae
517 1074 577 1154 ita,
606 1080 641 1137 ut
670 1074 821 1155 digammi
844 1073 908 1136 vim
931 1064 1152 1154 interpositam
1177 1095 1189 1135 ι
1212 1073 1354 1138 vocalem
1378 1080 1458 1137 tam-

331 1190 427 1252 quam
450 1177 683 1253 transgressam
707 1189 777 1236 θεεθ
799 1177 947 1235 statuam.
986 1189 1067 1252 quae
1083 1170 1244 1235 sententia
1266 1190 1457 1252 quamquam

330 1270 439 1335 adhuc
459 1269 590 1333 insolita
605 1277 663 1352 est,
686 1277 794 1334 tamen
819 1288 889 1333 eam
913 1286 1006 1349 spero
1023 1266 1078 1347 eis,
1102 1286 1184 1348 quae
1202 1266 1296 1331 modo
1313 1269 1456 1349 exposui,

330 1367 463 1450 probari
484 1385 590 1450 posse.

419 1467 456 1526 ἆι
478 1463 574 1545 igitur·
601 1464 635 1528 in
658 1488 679 1527 α
701 1465 830 1545 longam
859 1463 1051 1527 constrictae
1074 1466 1160 1538 (nam
1183 1460 1226 1527 ad
1249 1462 1459 1528 enumeratio·

331 1581 407 1627 nem
430 1561 647 1643 exemplorum
671 1561 780 1639 redeo)
803 1562 884 1625 haec
906 1567 980 1625 sunt
1003 1561 1166 1642 exempla:

420 1681 469 1721 αιι
491 1658 524 1721 in
541 1662 789 1741 &correptarum
813 1664 934 1723 certum
956 1658 1080 1721 nullum
1097 1659 1202 1740 reperi
1224 1666 1300 1723 ante
1315 1658 1458 1722 Euclidis
1505 1721 1509 1726 .

331 1764 482 1821 aetatem.
527 1776 623 1820 unum
647 1755 748 1835 enim,
779 1755 864 1836 'quod
887 1756 948 1818 huo
976 1756 1136 1837 pertinere
1164 1755 1299 1835 videtur,
1329 1776 1459 1838 prorsus

331 1855 419 1919 alius
453 1860 502 1918 θεῖ
533 1861 682 1929 naturae,
720 1851 934 1926 Φωκαΐδες
966 1855 1072 1933 1907
1106 1852 1150 1929 (in
1185 1873 1246 1935 quo
1278 1878 1298 1916 α
1327 1855 1456 1935 longam

331 1953 429 2017 fuisse
453 1970 644 2032 quamquam
667 1956 752 2014 certo
776 1950 965 2014 documento
988 1969 1052 2013 non
1079 1948 1237 2015 firmatum
1259 1957 1366 2016 tamen
1391 1951 1457 2015 veri

331 2048 439 2114 simile
468 2053 516 2112 θεῖ
538 2054 668 2130 propter
689 2067 870 2112 mensuram
900 2046 1049 2112 similium
1073 2048 1299 2113 vocabulorum
1325 2053 1457 2132 utan-

332 2145 454 2219 παΐδες
482 2146 515 2208 in
544 2143 607 2209 fine
635 2145 753 2210 senarii
776 2145 872 2208 Arist.
897 2144 975 2207 noh.
999 2146 1082 2218 880).
1127 2164 1201 2208 nam
1226 2145 1260 2209 in
1285 2146 1458 2220 Φωκαΐδες

332 2264 397 2307 uon
428 2240 574 2307 videmus
604 2265 615 2304 ι
644 2243 788 2306 vocalem
817 2240 849 2305 in
879 2261 942 2305 uno
971 2240 1147 2322 eodemque
1176 2242 1332 2306 vocabulo
1361 2251 1459 2307 antea

332 2339 581 2424 pronuntiatam,
607 2338 724 2403 deinde
745 2344 1001 2419 evanescentem,
1025 2337 1173 2420 quoniam
1191 2344 1364 2414 *Φωκαεῖς
1386 2361 1459 2405 nus-

333 2457 427 2519 quam
451 2443 572 2517 exstat3
596 2435 706 2500 sedin
730 2436 800 2518 ipso
823 2433 990 2498 formando
1009 2434 1145 2498 Φωκαῑό
1167 2437 1298 2520 stirpem
1322 2457 1363 2503 ex
1380 2443 1458 2500 Φω-

331 2558 427 2599 καια·
452 2557 464 2596 ι
486 2535 564 2598 satis
593 2534 698 2616 prisca
725 2540 831 2597 aetate
861 2552 1016 2615 oppressa
1044 2540 1100 2597 est.
1152 2555 1215 2617 qua
1242 2555 1277 2600 re
1307 2535 1402 2600 etiam
1424 2537 1458 2600 in

333 2632 448 2697 ceteris
470 2630 601 2694 vocibus
624 2629 767 2695 eiusdem
789 2630 1025 2695 terminationis
1054 2636 1086 2695 θῖ
1107 2631 1140 2694 in
1163 2631 1348 2709 adiectivis,
1376 2653 1460 2715 quae

331 2728 364 2793 in
386 2724 498 2802 -αϊκὸς
521 2727 679 2807 desinunt,
704 2750 724 2789 α
739 2727 867 2807 longam
891 2746 963 2792 esse
984 2728 1091 2792 mirari
1113 2749 1178 2792 non
1201 2749 1379 2811 possumus.
1418 2732 1458 2797 de

332 2845 394 2907 quo
417 2843 537 2906 genere
558 2824 714 2888 nonnulla
737 2830 768 2888 et
789 2826 940 2907 exempla
962 2833 994 2889 et
1015 2834 1156 2890 veterum
1180 2830 1458 2908 grammaticorum

332 2921 452 2986 iudicia
480 2922 610 3002 collegit
630 2920 860 2985 Lobeckius
890 2921 932 2985 ad
957 2923 1073 3005 Plrryn.
1098 2944 1127 3006 p.
1153 2927 1192 2987 39
1209 2944 1277 3006 sqq.
1321 2925 1457 2990 alterum

333 3018 516 3101 exemplum
547 3024 595 3083 est
620 3010 749 3082 Ἐλαεῖ
778 3021 847 3096 173,
870 3031 894 3098 4,
930 3026 1107 3101 correptum
1137 3040 1177 3085 ex
1203 3013 1338 3098 Ἐλαιεῖ,
1373 3022 1458 3103 quod

336 3120 445 3197 164,6
474 3121 506 3180 θῖ
537 3118 642 3195 170,ῖ
672 3121 792 3193 exstat,
827 3114 912 3197 quod
941 3117 982 3179 ab
1006 3105 1089 3179 tcta
1110 3118 1165 3180 vix
1196 3123 1302 3199 potest
1323 3120 1457 3199 seiungi.

333 3215 391 3280 sed
426 3212 594 3295 quominus
627 3219 661 3275 ut
692 3219 811 3276 certum
840 3213 900 3276 hoc
935 3214 1115 3294 exemplum
1145 3213 1278 3278 afferam
1311 3215 1459 3297 prohibet

333 3308 478 3392 Πειρᾶεῖ
503 3329 661 3385 mensura,
692 3308 732 3372 de
755 3327 817 3390 qua
839 3330 936 3391 supra
959 3322 1001 3392 (p.
1025 3314 1077 3385 00)
1108 3310 1184 3374 dixi.
1217 3348 1258 3356 -
1292 3335 1341 3373 αιι
1363 3312 1458 3393 igitur·

332 3408 493 3473 vocalium
516 3405 756 3472 constrictorum
779 3426 969 3488 quamquam
993 3407 1026 3470 in
1049 3407 1095 3471 eis
1117 3407 1390 3489 inscriptionibus
1418 3409 1459 3474 de

332 3506 450 3588 quibus
471 3524 542 3587 ago,
565 3504 687 3567 nullum
710 3510 830 3567 certum
852 3506 1035 3585 exemplum
1057 3512 1172 3586 exstat,
1194 3511 1301 3571 tamen
1324 3527 1366 3572 ne
1388 3510 1459 3589 quis

332 3604 418 3667 hanc
447 3602 595 3665 lacunam
625 3600 804 3665 sententiae
832 3622 924 3667 meae
948 3621 1019 3667 esse
1041 3603 1270 3685 suspicaretur,
1301 3603 1341 3669 de
1365 3597 1459 3667 ἐλαία

332 3719 431 3783 supra
451 3717 555 3781 pauca
578 3696 654 3760 dixi.
686 3704 717 3762 et
739 3697 816 3761 addi
838 3707 945 3779 potest
962 3695 1114 3779 Ἀχᾶϊκός
1139 3711 1177 3769 ῖθ.
1201 3720 1231 3782 g.
1254 3700 1363 3784 Eurip.
1380 3702 1458 3766 Hec.

333 3800 405 3862 521.
429 3798 504 3859 Tro.
521 3798 591 3859 652.
609 3796 680 3857 702.
698 3798 769 3859 863.
789 3799 878 3859 1017.
905 3796 1056 3879 Xenoph.
1072 3797 1156 3862 Hell.
1173 3797 1228 3878 IV,
1245 3801 1274 3876 3,
1288 3803 1324 3878 9),
1341 3798 1458 3862 factum

332 3914 371 3959 ex
395 3886 634 3972 *Ἀχαι-ι-ικός,
659 3891 735 3973 quia
757 3891 935 3957 derivatum
959 3901 1006 3959 est
1030 3893 1070 3957 de
1083 3890 1229 3977 Ἀχαιία;
1253 3914 1335 3977 quae
1357 3895 1459 3961 forma

331 4009 525 4074 quamquam
548 3988 738 4071 primigenia
766 3989 840 4070 fuit,
870 3997 979 4055 tamen
1010 4010 1080 4056 eam
1112 3991 1212 4056 solam
1242 3993 1357 4058 iustam
1387 4013 1459 4058 esse

332 4088 558 4169 Goettlingius,
582 4085 783 4167 Allgemeine
806 4088 911 4153 Lehre
932 4107 1005 4152 vom
1028 4087 1148 4170 griech.
1171 4091 1300 4169 Acuent,
1330 4110 1360 4171 p.
1388 4094 1457 4171 130,

329 4186 489 4253 immerito
511 4190 610 4266 putat.
1115 4254 1117 4256 ,

415 4305 475 4347 asc
503 4282 536 4345 in
566 4284 587 4344 ᾶ
615 4288 779 4363 correptae
805 4291 882 4345 sunt
911 4280 945 4343 in
980 4278 1065 4358 κάω,
1099 4279 1204 4357 κλάω,
1240 4302 1370 4364 quorum
1405 4303 1470 4361 en-¹
