3575 5334
264 656 267 664 ¹
332 692 395 753 226
851 693 939 746 Canen

335 868 456 950 logicas
479 866 661 948 dispersae,
691 864 805 947 partim
828 865 862 928 in
885 864 1012 929 schedis
1035 865 1173 930 virorum
1197 864 1360 930 doctorum
1390 865 1457 929 lati·

334 971 441 1031 tantes
456 964 647 1043 universam,
668 981 750 1044 quae
765 982 876 1028 omnes
890 960 1185 1045 comprehenderet,
1209 962 1457 1044 disputationem

335 1060 536 1145 impedirent.
582 1080 676 1142 quam
700 1059 829 1124 obrem
857 1058 982 1136 „Curae
1005 1058 1254 1142 epigraphicae“
1277 1081 1297 1124 a
1319 1060 1458 1124 Weck-

334 1160 461 1224 leinio
478 1178 563 1221 anno
583 1160 662 1221 1869
679 1156 785 1222 editae
800 1157 881 1221 nihil
897 1157 986 1222 aliud
1009 1157 1166 1239 praebent
1181 1156 1242 1220 nisi
1257 1158 1457 1240 spicilegium

334 1257 412 1322 satis
435 1256 559 1337 largum
582 1254 777 1336 singularum
808 1254 1084 1333 observationum,
1114 1254 1228 1336 quibus
1249 1254 1307 1320 ille
1331 1255 1458 1319 criticae

335 1354 438 1436 magis
460 1373 554 1435 quam
577 1353 806 1433 grammaticae
828 1353 889 1416 arti
914 1351 1068 1433 prodesse
1089 1351 1200 1415 voluit.
1243 1368 1349 1432 neque
1374 1352 1457 1416 enim

333 1450 436 1534 potuit
464 1456 562 1513 totam
593 1449 762 1514 dialectum
792 1450 931 1513 Atticam
960 1448 1115 1531 ampliore
1142 1447 1367 1512 dissertatione
1396 1448 1459 1530 epi·

334 1547 496 1631 graphicis
519 1545 669 1611 subsidiis
691 1546 768 1609 nixa
797 1554 935 1610 tractare
957 1547 988 1609 in
1012 1565 1067 1626 ea,
1098 1565 1192 1627 quam
1222 1544 1318 1609 modo
1341 1544 1457 1628 signiti-

334 1644 415 1723 cavi,
445 1644 555 1707 horum
581 1642 794 1708 subsidiorum
816 1642 1009 1708 conditione.
1053 1662 1156 1725 nuper
1177 1648 1283 1708 autem
1306 1644 1457 1724 quoniam

334 1759 457 1804 summa
491 1738 686 1805 liberalitate
714 1740 900 1806 academiae
933 1740 1096 1803 literarum
1131 1740 1243 1822 regiae
1269 1740 1458 1804 Bonussioae

336 1846 367 1902 et
390 1835 520 1917 egregia
545 1836 796 1901 Kirehhollii
826 1858 902 1903 cura
929 1839 1047 1902 lactum
1076 1844 1140 1918 est,
1170 1844 1204 1901 ut
1231 1837 1458 1919 inscriptiones

333 1934 455 1998 Atticas
483 1932 627 1998 Euolidis
655 1953 741 1997 anno
771 1935 960 2000 vetustiores
990 1934 1172 1999 coniunctas
1203 1954 1265 1999 uno
1294 1934 1458 1998 volumine

334 2030 582 2095 commodissimi
604 2051 680 2096 usus
702 2031 893 2112 habeamus,
927 2051 1043 2115 operae
1069 2033 1204 2114 pretium
1226 2050 1279 2096 me
1300 2030 1457 2095 facturum

333 2149 403 2194 esse
426 2128 546 2211 putavi,
571 2129 598 2192 si
613 2129 686 2192 illas
706 2127 876 2210 diligenter
898 2137 1113 2212 perscrutatus
1136 2128 1360 2210 quaesiverim,
1383 2148 1457 2191 num

333 2224 409 2307 quid
437 2225 512 2290 inde
544 2225 582 2289 de
613 2224 749 2290 dialecto
771 2226 877 2290 Attica
907 2226 1080 2292 vetustiore
1110 2233 1141 2291 et
1170 2223 1210 2289 de
1238 2226 1307 2290 eius
1336 2226 1456 2308 origine

333 2323 411 2387 disci
435 2332 550 2405 posset.
596 2322 629 2385 in
659 2341 721 2403 quo
751 2322 777 2387 si
805 2324 922 2388 multas
951 2324 1155 2406 quisquilias,
1191 2321 1322 2387 maioris
1350 2329 1455 2387 autem

332 2421 485 2498 momenti
518 2419 570 2484 vel
608 2438 727 2501 paucas
759 2438 811 2483 res
843 2421 895 2484 vel
933 2422 1054 2485 nullam
1093 2419 1241 2498 afferam,
1280 2414 1456 2502 ἀκριβείας

331 2516 559 2599 grammaticae
594 2515 723 2580 nomine
755 2535 806 2581 me
841 2524 1026 2583 excusatum
1059 2517 1097 2581 iri
1129 2536 1232 2599 spero.
1277 2536 1354 2581 nam
1386 2536 1454 2580 cum

331 2614 492 2694 generalis
514 2619 629 2676 natura
652 2613 781 2677 dialecti
797 2615 922 2679 Atticae
937 2616 1014 2680 satis
1032 2622 1109 2678 nota
1131 2615 1181 2696 sit,
1205 2620 1454 2679 consentaneum

333 2717 382 2773 est
404 2729 455 2774 me
478 2728 533 2773 eas
556 2715 678 2772 tantum
705 2729 757 2775 res
785 2731 1048 2791 commemorare,
1077 2711 1111 2774 in
1141 2711 1255 2792 quihus
1285 2711 1456 2795 superioris

331 2808 446 2870 aetatis
470 2826 546 2870 usus
567 2806 608 2870 ab
631 2806 779 2873 inferiore
802 2807 938 2874 differat.
983 2816 1082 2874 totam
1109 2827 1184 2873 vero
1207 2807 1454 2892 disputationem

331 2902 377 2966 ita
393 2902 622 2968 instituendam
639 2923 710 2969 esse
728 2906 919 2986 existimavi,
942 2914 977 2970 ut
999 2903 1158 2989 paneade
1179 2904 1348 2971 literatura
1370 2925 1456 2991 prae·

331 3000 414 3064 latus
444 3000 596 3082 primum,
628 3020 710 3081 quae
739 3002 779 3067 de
801 3003 967 3068 vocalibus
990 3009 1022 3067 et
1043 3001 1309 3085 consonantibus,
1341 3003 1455 3070 deinde
1489 3042 1492 3046 -

332 3116 414 3178 quae
436 3097 477 3161 de
500 3098 662 3161 nominum
687 3106 718 3163 et
740 3100 908 3164 verborum
926 3098 1139 3164 declinatione
1161 3108 1340 3165 memoratu
1363 3101 1455 3183 digna

332 3203 448 3276 essent,
473 3215 665 3275 enarrarem,
691 3203 851 3278 postremo
874 3204 981 3260 autem
1004 3198 1085 3278 loco,
1109 3196 1185 3277 quid
1210 3195 1250 3261 de
1273 3198 1372 3263 totius
1394 3197 1454 3261 dia-

330 3293 404 3356 lecti
433 3301 548 3357 natura
576 3291 782 3361 iudicandum
815 3300 899 3358 esset
932 3313 1076 3375 quaeque
1104 3295 1184 3359 ratio
1213 3295 1298 3361 inter
1325 3315 1399 3361 eam
1426 3299 1454 3359 et

332 3387 473 3452 Ionicam
496 3390 694 3454 intercedere
717 3388 886 3470 videretur,
912 3410 1114 3473 exponerem.
