<?xml version="1.0" encoding="UTF-8"?>
<!DOCTYPE html PUBLIC "-//W3C//DTD XHTML 1.0 Transitional//EN"
    "http://www.w3.org/TR/xhtml1/DTD/xhtml1-transitional.dtd">
<html xmlns="http://www.w3.org/1999/xhtml" xml:lang="en" lang="en">
 <head>
  <title>
</title>
<meta http-equiv="Content-Type" content="text/html;charset=utf-8" />
  <meta name='ocr-system' content='tesseract 3.04.00' />
  <meta name='ocr-capabilities' content='ocr_page ocr_carea ocr_par ocr_line ocrx_word'/>
</head>
<body>
  <div class='ocr_page' id='page_1' title='image "./studienzurgriec00curtgoog_0217.png"; bbox 0 0 3575 5334; ppageno 0'>
   <div class='ocr_carea' id='block_1_1' title="bbox 636 687 1368 753">
    <p class='ocr_par' dir='ltr' id='par_1_1' title="bbox 636 687 1368 753">
     <span class='ocr_line' id='line_1_1' title="bbox 636 687 1368 753; baseline -0.001 -5"><span class='ocrx_word' id='word_1_1' title='bbox 636 694 669 749; x_wconf 88' lang='lat' dir='ltr'>de</span> <span class='ocrx_word' id='word_1_2' title='bbox 686 695 801 751; x_wconf 82' lang='lat' dir='ltr'>dialecto</span> <span class='ocrx_word' id='word_1_3' title='bbox 819 694 974 750; x_wconf 89' lang='lat' dir='ltr'>herodotea.</span> <span class='ocrx_word' id='word_1_4' title='bbox 1307 687 1368 753; x_wconf 83' lang='lat'>207</span> 
     </span>
    </p>
   </div>
   <div class='ocr_carea' id='block_1_2' title="bbox 228 864 1394 4179">
    <p class='ocr_par' dir='ltr' id='par_1_2' title="bbox 239 864 1394 2223">
     <span class='ocr_line' id='line_1_2' title="bbox 242 864 1368 947; baseline -0.002 -14"><span class='ocrx_word' id='word_1_5' title='bbox 242 868 307 947; x_wconf 78' lang='lat' dir='ltr'>GP,</span> <span class='ocrx_word' id='word_1_6' title='bbox 331 864 552 933; x_wconf 87' lang='grc' dir='ltr'><strong><em>κατεστέαται</em></strong></span> <span class='ocrx_word' id='word_1_7' title='bbox 575 870 657 945; x_wconf 84' lang='lat' dir='ltr'>cet.),</span> <span class='ocrx_word' id='word_1_8' title='bbox 681 867 714 931; x_wconf 93' lang='lat' dir='ltr'>II</span> <span class='ocrx_word' id='word_1_9' title='bbox 730 872 770 932; x_wconf 83' lang='grc'>71)</span> <span class='ocrx_word' id='word_1_10' title='bbox 793 872 1007 944; x_wconf 82' lang='grc' dir='ltr'><strong><em>(κατεστεᾶσι</em></strong></span> <span class='ocrx_word' id='word_1_11' title='bbox 1023 871 1067 945; x_wconf 73' lang='grc' dir='ltr'>ε),</span> <span class='ocrx_word' id='word_1_12' title='bbox 1092 872 1131 933; x_wconf 83' lang='grc'>84</span> <span class='ocrx_word' id='word_1_13' title='bbox 1155 872 1368 945; x_wconf 70' lang='lat' dir='ltr'>(cerseredus</span> 
     </span>
     <span class='ocr_line' id='line_1_3' title="bbox 243 960 1368 1045; baseline -0.002 -14"><span class='ocrx_word' id='word_1_14' title='bbox 243 966 296 1045; x_wconf 87' lang='lat' dir='ltr'>C),</span> <span class='ocrx_word' id='word_1_15' title='bbox 320 966 366 1031; x_wconf 91' lang='lat' dir='ltr'>IV</span> <span class='ocrx_word' id='word_1_16' title='bbox 385 969 445 1032; x_wconf 80' lang='lat'>162</span> <span class='ocrx_word' id='word_1_17' title='bbox 469 971 681 1039; x_wconf 86' lang='grc' dir='ltr'><strong><em>(κατεστεᾶσι</em></strong></span> <span class='ocrx_word' id='word_1_18' title='bbox 696 966 739 1042; x_wconf 79' lang='lat' dir='ltr'>d),</span> <span class='ocrx_word' id='word_1_19' title='bbox 763 960 943 1030; x_wconf 82' lang='grc' dir='ltr'><strong><em>ἅτεστέασι</em></strong></span> <span class='ocrx_word' id='word_1_20' title='bbox 958 966 1007 1031; x_wconf 90' lang='lat' dir='ltr'>Ill</span> <span class='ocrx_word' id='word_1_21' title='bbox 1024 969 1074 1031; x_wconf 81' lang='lat'>62.</span> <span class='ocrx_word' id='word_1_22' title='bbox 1110 965 1266 1045; x_wconf 76' lang='lat' dir='ltr'><strong>Quocirca</strong></span> <span class='ocrx_word' id='word_1_23' title='bbox 1287 985 1368 1030; x_wconf 89' lang='lat' dir='ltr'>sana</span> 
     </span>
     <span class='ocr_line' id='line_1_4' title="bbox 240 1061 1369 1148; baseline -0.005 -17"><span class='ocrx_word' id='word_1_24' title='bbox 240 1067 297 1131; x_wconf 85' lang='lat' dir='ltr'>via</span> <span class='ocrx_word' id='word_1_25' title='bbox 325 1072 359 1131; x_wconf 88' lang='lat' dir='ltr'>et</span> <span class='ocrx_word' id='word_1_26' title='bbox 386 1065 468 1129; x_wconf 92' lang='lat' dir='ltr'>ratio</span> <span class='ocrx_word' id='word_1_27' title='bbox 502 1064 659 1147; x_wconf 85' lang='lat' dir='ltr'>postulat,</span> <span class='ocrx_word' id='word_1_28' title='bbox 695 1072 730 1129; x_wconf 92' lang='lat' dir='ltr'>ut</span> <span class='ocrx_word' id='word_1_29' title='bbox 757 1063 955 1128; x_wconf 91' lang='lat' dir='ltr'>Herodotum</span> <span class='ocrx_word' id='word_1_30' title='bbox 988 1083 1115 1148; x_wconf 92' lang='lat' dir='ltr'>semper</span> <span class='ocrx_word' id='word_1_31' title='bbox 1147 1061 1266 1127; x_wconf 79' lang='grc' dir='ltr'><strong><em>ἑστᾶσι</em></strong></span> <span class='ocrx_word' id='word_1_32' title='bbox 1294 1064 1369 1126; x_wconf 91' lang='lat' dir='ltr'>sori·</span> 
     </span>
     <span class='ocr_line' id='line_1_5' title="bbox 239 1159 1369 1248; baseline -0.005 -18"><span class='ocrx_word' id='word_1_33' title='bbox 239 1164 346 1248; x_wconf 89' lang='lat' dir='ltr'>psisse</span> <span class='ocrx_word' id='word_1_34' title='bbox 368 1168 561 1244; x_wconf 79' lang='lat' dir='ltr'><strong>statuamus,</strong></span> <span class='ocrx_word' id='word_1_35' title='bbox 590 1182 782 1243; x_wconf 89' lang='lat' dir='ltr'>quamquam</span> <span class='ocrx_word' id='word_1_36' title='bbox 806 1160 943 1228; x_wconf 81' lang='grc' dir='ltr'><strong><em>έστέασι</em></strong></span> <span class='ocrx_word' id='word_1_37' title='bbox 965 1163 1107 1244; x_wconf 81' lang='lat' dir='ltr'>genuina</span> <span class='ocrx_word' id='word_1_38' title='bbox 1133 1160 1235 1225; x_wconf 86' lang='lat' dir='ltr'>forma</span> <span class='ocrx_word' id='word_1_39' title='bbox 1263 1159 1369 1224; x_wconf 89' lang='lat' dir='ltr'>ionica</span> 
     </span>
     <span class='ocr_line' id='line_1_6' title="bbox 241 1249 1368 1343; baseline -0.009 -14"><span class='ocrx_word' id='word_1_40' title='bbox 241 1282 315 1329; x_wconf 88' lang='lat' dir='ltr'>esse</span> <span class='ocrx_word' id='word_1_41' title='bbox 344 1266 465 1343; x_wconf 83' lang='lat' dir='ltr'>potest3</span> <span class='ocrx_word' id='word_1_42' title='bbox 497 1261 530 1325; x_wconf 93' lang='lat' dir='ltr'>in</span> <span class='ocrx_word' id='word_1_43' title='bbox 560 1260 722 1327; x_wconf 73' lang='lat' dir='ltr'>codicibus</span> <span class='ocrx_word' id='word_1_44' title='bbox 750 1268 857 1325; x_wconf 89' lang='lat' dir='ltr'>autern</span> <span class='ocrx_word' id='word_1_45' title='bbox 887 1249 1088 1324; x_wconf 80' lang='grc' dir='ltr'><strong><em>ιάτεστέασι</em></strong></span> <span class='ocrx_word' id='word_1_46' title='bbox 1117 1278 1158 1324; x_wconf 81' lang='lat' dir='ltr'>ex</span> <span class='ocrx_word' id='word_1_47' title='bbox 1185 1256 1368 1321; x_wconf 79' lang='lat' dir='ltr'>incredibili</span> 
     </span>
     <span class='ocr_line' id='line_1_7' title="bbox 241 1354 1367 1442; baseline -0.009 -15"><span class='ocrx_word' id='word_1_48' title='bbox 241 1367 276 1427; x_wconf 92' lang='lat' dir='ltr'>et</span> <span class='ocrx_word' id='word_1_49' title='bbox 297 1359 395 1424; x_wconf 86' lang='lat' dir='ltr'>valde</span> <span class='ocrx_word' id='word_1_50' title='bbox 415 1358 528 1442; x_wconf 89' lang='lat' dir='ltr'>inepta</span> <span class='ocrx_word' id='word_1_51' title='bbox 555 1360 765 1442; x_wconf 82' lang='lat' dir='ltr'>posteriorum</span> <span class='ocrx_word' id='word_1_52' title='bbox 788 1358 1020 1424; x_wconf 85' lang='lat' dir='ltr'>cousuetudine</span> <span class='ocrx_word' id='word_1_53' title='bbox 1043 1381 1069 1436; x_wconf 88' lang='grc' dir='ltr'>ε,</span> <span class='ocrx_word' id='word_1_54' title='bbox 1091 1357 1145 1421; x_wconf 92' lang='lat' dir='ltr'>ubi</span> <span class='ocrx_word' id='word_1_55' title='bbox 1168 1354 1235 1421; x_wconf 88' lang='lat' dir='ltr'>fieri</span> <span class='ocrx_word' id='word_1_56' title='bbox 1255 1355 1367 1438; x_wconf 83' lang='lat' dir='ltr'>possit,</span> 
     </span>
     <span class='ocr_line' id='line_1_8' title="bbox 241 1449 1368 1539; baseline -0.005 -16"><span class='ocrx_word' id='word_1_57' title='bbox 241 1460 394 1523; x_wconf 87' lang='lat' dir='ltr'>invoces</span> <span class='ocrx_word' id='word_1_58' title='bbox 421 1456 545 1521; x_wconf 89' lang='lat' dir='ltr'>ionicae</span> <span class='ocrx_word' id='word_1_59' title='bbox 567 1449 736 1521; x_wconf 77' lang='lat' dir='ltr'>verborum</span> <span class='ocrx_word' id='word_1_60' title='bbox 766 1457 884 1539; x_wconf 90' lang='lat' dir='ltr'>speciei</span> <span class='ocrx_word' id='word_1_61' title='bbox 908 1476 1004 1521; x_wconf 89' lang='lat' dir='ltr'>causa</span> <span class='ocrx_word' id='word_1_62' title='bbox 1032 1453 1195 1521; x_wconf 88' lang='lat' dir='ltr'>inserendi</span> <span class='ocrx_word' id='word_1_63' title='bbox 1223 1470 1368 1536; x_wconf 84' lang='lat' dir='ltr'>procrea·</span> 
     </span>
     <span class='ocr_line' id='line_1_9' title="bbox 241 1548 1394 1636; baseline -0.004 -16"><span class='ocrx_word' id='word_1_64' title='bbox 241 1563 308 1620; x_wconf 90' lang='lat' dir='ltr'>turn</span> <span class='ocrx_word' id='word_1_65' title='bbox 346 1562 410 1633; x_wconf 90' lang='lat' dir='ltr'>est,</span> <span class='ocrx_word' id='word_1_66' title='bbox 448 1572 531 1636; x_wconf 89' lang='lat' dir='ltr'>quae</span> <span class='ocrx_word' id='word_1_67' title='bbox 566 1554 762 1619; x_wconf 90' lang='lat' dir='ltr'>consuetudo</span> <span class='ocrx_word' id='word_1_68' title='bbox 799 1561 944 1620; x_wconf 89' lang='lat' dir='ltr'>monstra</span> <span class='ocrx_word' id='word_1_69' title='bbox 978 1554 1037 1619; x_wconf 89' lang='lat' dir='ltr'>illa</span> <span class='ocrx_word' id='word_1_70' title='bbox 1066 1548 1193 1617; x_wconf 74' lang='grc' dir='ltr'><strong><em>αὐτέων</em></strong></span> <span class='ocrx_word' id='word_1_71' title='bbox 1222 1554 1394 1615; x_wconf 72' lang='grc' dir='ltr'><strong><em>τοοτέωτ</em></strong></span> 
     </span>
     <span class='ocr_line' id='line_1_10' title="bbox 243 1647 1367 1735; baseline -0.006 -18"><span class='ocrx_word' id='word_1_72' title='bbox 243 1656 365 1730; x_wconf 80' lang='lat' dir='ltr'>(maso.)</span> <span class='ocrx_word' id='word_1_73' title='bbox 397 1656 568 1717; x_wconf 79' lang='grc' dir='ltr'><strong><em>τουτέοισι</em></strong></span> <span class='ocrx_word' id='word_1_74' title='bbox 600 1652 670 1717; x_wconf 90' lang='lat' dir='ltr'>sim.</span> <span class='ocrx_word' id='word_1_75' title='bbox 704 1653 828 1735; x_wconf 82' lang='lat' dir='ltr'>peperit</span> <span class='ocrx_word' id='word_1_76' title='bbox 862 1652 914 1731; x_wconf 87' lang='lat' dir='ltr'>(oi.</span> <span class='ocrx_word' id='word_1_77' title='bbox 948 1659 1014 1717; x_wconf 92' lang='lat' dir='ltr'>not.</span> <span class='ocrx_word' id='word_1_78' title='bbox 1044 1655 1107 1727; x_wconf 80' lang='lat'><strong>22).</strong></span> <span class='ocrx_word' id='word_1_79' title='bbox 1162 1650 1240 1716; x_wconf 88' lang='lat' dir='ltr'>Sine</span> <span class='ocrx_word' id='word_1_80' title='bbox 1271 1647 1367 1712; x_wconf 93' lang='lat' dir='ltr'>dubio</span> 
     </span>
     <span class='ocr_line' id='line_1_11' title="bbox 244 1746 1371 1831; baseline -0.006 -15"><span class='ocrx_word' id='word_1_81' title='bbox 244 1758 369 1831; x_wconf 87' lang='lat' dir='ltr'>autem,</span> <span class='ocrx_word' id='word_1_82' title='bbox 403 1750 549 1831; x_wconf 83' lang='lat' dir='ltr'>quamvis</span> <span class='ocrx_word' id='word_1_83' title='bbox 587 1748 773 1816; x_wconf 82' lang='grc' dir='ltr'><strong><em>1-στέ-αται</em></strong></span> <span class='ocrx_word' id='word_1_84' title='bbox 810 1749 950 1830; x_wconf 89' lang='lat' dir='ltr'>dicatur,</span> <span class='ocrx_word' id='word_1_85' title='bbox 985 1748 1105 1814; x_wconf 81' lang='grc' dir='ltr'><strong><em>ἑστᾶσι</em></strong></span> <span class='ocrx_word' id='word_1_86' title='bbox 1138 1770 1203 1814; x_wconf 92' lang='lat' dir='ltr'>non</span> <span class='ocrx_word' id='word_1_87' title='bbox 1233 1746 1371 1813; x_wconf 85' lang='grc' dir='ltr'><strong><em>έστέασι</em></strong></span> 
     </span>
     <span class='ocr_line' id='line_1_12' title="bbox 243 1846 1367 1929; baseline -0.005 -16"><span class='ocrx_word' id='word_1_88' title='bbox 243 1868 283 1913; x_wconf 89' lang='lat' dir='ltr'>ea</span> <span class='ocrx_word' id='word_1_89' title='bbox 304 1846 347 1913; x_wconf 89' lang='lat' dir='ltr'>de</span> <span class='ocrx_word' id='word_1_90' title='bbox 369 1866 466 1912; x_wconf 89' lang='lat' dir='ltr'>eausa</span> <span class='ocrx_word' id='word_1_91' title='bbox 493 1848 769 1929; x_wconf 82' lang='lat' dir='ltr'>pronuntiabatur,</span> <span class='ocrx_word' id='word_1_92' title='bbox 803 1847 887 1928; x_wconf 91' lang='lat' dir='ltr'>quod</span> <span class='ocrx_word' id='word_1_93' title='bbox 916 1848 950 1911; x_wconf 94' lang='lat' dir='ltr'>in</span> <span class='ocrx_word' id='word_1_94' title='bbox 977 1847 1035 1911; x_wconf 91' lang='lat' dir='ltr'>illa</span> <span class='ocrx_word' id='word_1_95' title='bbox 1063 1846 1165 1912; x_wconf 78' lang='lat' dir='ltr'>forma</span> <span class='ocrx_word' id='word_1_96' title='bbox 1187 1848 1323 1912; x_wconf 87' lang='lat' dir='ltr'>alterurn</span> <span class='ocrx_word' id='word_1_97' title='bbox 1346 1868 1367 1907; x_wconf 91' lang='grc' dir='ltr'><strong><em>α</em></strong></span> 
     </span>
     <span class='ocr_line' id='line_1_13' title="bbox 243 1939 1367 2027; baseline -0.004 -16"><span class='ocrx_word' id='word_1_98' title='bbox 243 1946 357 2025; x_wconf 87' lang='lat' dir='ltr'>breve,</span> <span class='ocrx_word' id='word_1_99' title='bbox 389 1944 423 2010; x_wconf 94' lang='lat' dir='ltr'>iu</span> <span class='ocrx_word' id='word_1_100' title='bbox 452 1939 513 2010; x_wconf 84' lang='lat' dir='ltr'>hac</span> <span class='ocrx_word' id='word_1_101' title='bbox 539 1945 670 2027; x_wconf 84' lang='lat' dir='ltr'>longum</span> <span class='ocrx_word' id='word_1_102' title='bbox 700 1952 763 2027; x_wconf 67' lang='lat' dir='ltr'>est,</span> <span class='ocrx_word' id='word_1_103' title='bbox 793 1942 838 2008; x_wconf 77' lang='grc' dir='ltr'><em>ἅᾶ</em></span> <span class='ocrx_word' id='word_1_104' title='bbox 868 1946 953 2011; x_wconf 91' lang='lat' dir='ltr'>enim</span> <span class='ocrx_word' id='word_1_105' title='bbox 982 1946 1083 2009; x_wconf 92' lang='lat' dir='ltr'>multo</span> <span class='ocrx_word' id='word_1_106' title='bbox 1111 1944 1236 2009; x_wconf 82' lang='lat' dir='ltr'>facilius</span> <span class='ocrx_word' id='word_1_107' title='bbox 1263 1944 1297 2008; x_wconf 94' lang='lat' dir='ltr'>in</span> <span class='ocrx_word' id='word_1_108' title='bbox 1328 1967 1367 2009; x_wconf 82' lang='lat' dir='ltr'>sc</span> 
     </span>
     <span class='ocr_line' id='line_1_14' title="bbox 243 2039 1369 2126; baseline -0.002 -18"><span class='ocrx_word' id='word_1_109' title='bbox 243 2045 359 2109; x_wconf 83' lang='lat' dir='ltr'>mul-ari</span> <span class='ocrx_word' id='word_1_110' title='bbox 381 2050 515 2126; x_wconf 88' lang='lat' dir='ltr'>poterat,</span> <span class='ocrx_word' id='word_1_111' title='bbox 539 2063 634 2124; x_wconf 86' lang='lat' dir='ltr'>quarn</span> <span class='ocrx_word' id='word_1_112' title='bbox 657 2039 712 2119; x_wconf 81' lang='grc' dir='ltr'>ἇᾶ,</span> <span class='ocrx_word' id='word_1_113' title='bbox 736 2064 799 2124; x_wconf 91' lang='lat' dir='ltr'>qua</span> <span class='ocrx_word' id='word_1_114' title='bbox 816 2042 851 2106; x_wconf 95' lang='lat' dir='ltr'>in</span> <span class='ocrx_word' id='word_1_115' title='bbox 866 2043 1026 2106; x_wconf 86' lang='lat' dir='ltr'>vocalium</span> <span class='ocrx_word' id='word_1_116' title='bbox 1048 2042 1274 2123; x_wconf 88' lang='lat' dir='ltr'>conjunctione</span> <span class='ocrx_word' id='word_1_117' title='bbox 1295 2062 1369 2106; x_wconf 90' lang='lat' dir='ltr'>oon·</span> 
     </span>
     <span class='ocr_line' id='line_1_15' title="bbox 242 2139 1172 2223; baseline -0.002 -17"><span class='ocrx_word' id='word_1_118' title='bbox 242 2142 356 2209; x_wconf 84' lang='lat' dir='ltr'>tractio</span> <span class='ocrx_word' id='word_1_119' title='bbox 377 2140 449 2223; x_wconf 92' lang='lat' dir='ltr'>ipsa</span> <span class='ocrx_word' id='word_1_120' title='bbox 470 2140 558 2205; x_wconf 87' lang='lat' dir='ltr'>vocis</span> <span class='ocrx_word' id='word_1_121' title='bbox 580 2148 612 2206; x_wconf 90' lang='lat' dir='ltr'>et</span> <span class='ocrx_word' id='word_1_122' title='bbox 634 2142 763 2222; x_wconf 86' lang='lat' dir='ltr'>linguae</span> <span class='ocrx_word' id='word_1_123' title='bbox 785 2147 900 2204; x_wconf 87' lang='lat' dir='ltr'>natura</span> <span class='ocrx_word' id='word_1_124' title='bbox 922 2139 1172 2204; x_wconf 87' lang='lat' dir='ltr'>commendatur.</span> 
     </span>
    </p>

    <p class='ocr_par' dir='ltr' id='par_1_3' title="bbox 228 2236 1375 4179">
     <span class='ocr_line' id='line_1_16' title="bbox 228 2236 1368 2321; baseline 0.001 -19"><span class='ocrx_word' id='word_1_125' title='bbox 228 2267 230 2271; x_wconf 29' lang='lat' dir='ltr'>v</span> <span class='ocrx_word' id='word_1_126' title='bbox 328 2263 368 2304; x_wconf 85' lang='grc' dir='ltr'>αε</span> <span class='ocrx_word' id='word_1_127' title='bbox 384 2262 448 2317; x_wconf 82' lang='lat' dir='ltr'>aar,</span> <span class='ocrx_word' id='word_1_128' title='bbox 472 2238 535 2303; x_wconf 94' lang='lat' dir='ltr'>nisi</span> <span class='ocrx_word' id='word_1_129' title='bbox 557 2239 700 2321; x_wconf 85' lang='lat' dir='ltr'>spirante</span> <span class='ocrx_word' id='word_1_130' title='bbox 715 2237 853 2319; x_wconf 89' lang='lat' dir='ltr'>quadam</span> <span class='ocrx_word' id='word_1_131' title='bbox 876 2238 1050 2320; x_wconf 89' lang='lat' dir='ltr'>posteriore</span> <span class='ocrx_word' id='word_1_132' title='bbox 1074 2236 1200 2301; x_wconf 91' lang='lat' dir='ltr'>demum</span> <span class='ocrx_word' id='word_1_133' title='bbox 1224 2244 1368 2318; x_wconf 89' lang='lat' dir='ltr'>tempore</span> 
     </span>
     <span class='ocr_line' id='line_1_17' title="bbox 245 2333 1368 2419; baseline -0.004 -16"><span class='ocrx_word' id='word_1_134' title='bbox 245 2336 360 2403; x_wconf 84' lang='lat' dir='ltr'>extrita</span> <span class='ocrx_word' id='word_1_135' title='bbox 382 2335 581 2403; x_wconf 89' lang='lat' dir='ltr'>incontraota</span> <span class='ocrx_word' id='word_1_136' title='bbox 602 2345 743 2416; x_wconf 87' lang='lat' dir='ltr'>manent,</span> <span class='ocrx_word' id='word_1_137' title='bbox 766 2355 892 2419; x_wconf 88' lang='lat' dir='ltr'>semper</span> <span class='ocrx_word' id='word_1_138' title='bbox 907 2336 940 2399; x_wconf 93' lang='lat' dir='ltr'>in</span> <span class='ocrx_word' id='word_1_139' title='bbox 956 2335 1123 2401; x_wconf 89' lang='lat' dir='ltr'>verborum</span> <span class='ocrx_word' id='word_1_140' title='bbox 1147 2333 1275 2416; x_wconf 89' lang='lat' dir='ltr'>quidem</span> <span class='ocrx_word' id='word_1_141' title='bbox 1295 2354 1368 2399; x_wconf 91' lang='lat' dir='ltr'>con·</span> 
     </span>
     <span class='ocr_line' id='line_1_18' title="bbox 240 2431 1367 2518; baseline -0.004 -19"><span class='ocrx_word' id='word_1_142' title='bbox 240 2434 409 2518; x_wconf 84' lang='lat' dir='ltr'>jugatione</span> <span class='ocrx_word' id='word_1_143' title='bbox 436 2434 666 2499; x_wconf 88' lang='lat' dir='ltr'>contrahuntur</span> <span class='ocrx_word' id='word_1_144' title='bbox 694 2454 798 2516; x_wconf 86' lang='lat' dir='ltr'>neque</span> <span class='ocrx_word' id='word_1_145' title='bbox 826 2453 975 2515; x_wconf 88' lang='lat' dir='ltr'>umquam</span> <span class='ocrx_word' id='word_1_146' title='bbox 1004 2432 1091 2515; x_wconf 89' lang='lat' dir='ltr'>apud</span> <span class='ocrx_word' id='word_1_147' title='bbox 1114 2431 1310 2498; x_wconf 88' lang='lat' dir='ltr'>Herodotum</span> <span class='ocrx_word' id='word_1_148' title='bbox 1333 2431 1367 2496; x_wconf 90' lang='lat' dir='ltr'>in</span> 
     </span>
     <span class='ocr_line' id='line_1_19' title="bbox 245 2531 1369 2615; baseline -0.001 -18"><span class='ocrx_word' id='word_1_149' title='bbox 245 2556 277 2597; x_wconf 85' lang='grc' dir='ltr'>εε</span> <span class='ocrx_word' id='word_1_150' title='bbox 307 2556 358 2597; x_wconf 81' lang='grc' dir='ltr'><strong><em>εει</em></strong></span> <span class='ocrx_word' id='word_1_151' title='bbox 387 2539 562 2597; x_wconf 89' lang='lat' dir='ltr'>transeunt.</span> <span class='ocrx_word' id='word_1_152' title='bbox 612 2534 693 2598; x_wconf 86' lang='lat' dir='ltr'>Rem</span> <span class='ocrx_word' id='word_1_153' title='bbox 722 2531 990 2615; x_wconf 85' lang='lat' dir='ltr'>simplicissimam</span> <span class='ocrx_word' id='word_1_154' title='bbox 1019 2531 1196 2597; x_wconf 79' lang='lat' dir='ltr'>accuratius</span> <span class='ocrx_word' id='word_1_155' title='bbox 1232 2537 1369 2596; x_wconf 88' lang='lat' dir='ltr'>tractare</span> 
     </span>
     <span class='ocr_line' id='line_1_20' title="bbox 243 2628 1375 2712; baseline 0 -19"><span class='ocrx_word' id='word_1_156' title='bbox 243 2630 296 2694; x_wconf 85' lang='lat' dir='ltr'>rix</span> <span class='ocrx_word' id='word_1_157' title='bbox 319 2650 401 2711; x_wconf 93' lang='lat' dir='ltr'>opus</span> <span class='ocrx_word' id='word_1_158' title='bbox 416 2638 510 2711; x_wconf 86' lang='lat' dir='ltr'>esset,</span> <span class='ocrx_word' id='word_1_159' title='bbox 533 2630 594 2696; x_wconf 93' lang='lat' dir='ltr'>nisi</span> <span class='ocrx_word' id='word_1_160' title='bbox 610 2629 697 2712; x_wconf 90' lang='lat' dir='ltr'>apud</span> <span class='ocrx_word' id='word_1_161' title='bbox 713 2650 768 2696; x_wconf 93' lang='lat' dir='ltr'>eos</span> <span class='ocrx_word' id='word_1_162' title='bbox 785 2630 966 2711; x_wconf 85' lang='lat' dir='ltr'>scriptores,</span> <span class='ocrx_word' id='word_1_163' title='bbox 989 2630 1043 2711; x_wconf 92' lang='lat' dir='ltr'>qui</span> <span class='ocrx_word' id='word_1_164' title='bbox 1059 2630 1171 2693; x_wconf 93' lang='lat' dir='ltr'>lonum</span> <span class='ocrx_word' id='word_1_165' title='bbox 1195 2628 1375 2695; x_wconf 79' lang='lat' dir='ltr'>dialectum</span> 
     </span>
     <span class='ocr_line' id='line_1_21' title="bbox 244 2727 1369 2813; baseline 0 -21"><span class='ocrx_word' id='word_1_166' title='bbox 244 2727 449 2806; x_wconf 83' lang='lat' dir='ltr'>affectabant,</span> <span class='ocrx_word' id='word_1_167' title='bbox 472 2727 593 2792; x_wconf 84' lang='lat' dir='ltr'>formae</span> <span class='ocrx_word' id='word_1_168' title='bbox 608 2727 767 2809; x_wconf 83' lang='lat' dir='ltr'>quaedam</span> <span class='ocrx_word' id='word_1_169' title='bbox 785 2734 961 2808; x_wconf 84' lang='lat' dir='ltr'>exstarent,</span> <span class='ocrx_word' id='word_1_170' title='bbox 985 2727 1098 2809; x_wconf 87' lang='lat' dir='ltr'>quales</span> <span class='ocrx_word' id='word_1_171' title='bbox 1119 2734 1193 2793; x_wconf 90' lang='lat' dir='ltr'>sunt</span> <span class='ocrx_word' id='word_1_172' title='bbox 1216 2732 1369 2813; x_wconf 79' lang='grc' dir='ltr'><strong><em>φοιτέεις</em></strong></span> 
     </span>
     <span class='ocr_line' id='line_1_22' title="bbox 244 2820 1368 2908; baseline 0.001 -19"><span class='ocrx_word' id='word_1_173' title='bbox 244 2844 293 2907; x_wconf 92' lang='lat' dir='ltr'>ap.</span> <span class='ocrx_word' id='word_1_174' title='bbox 318 2824 413 2906; x_wconf 81' lang='lat' dir='ltr'>Diog.</span> <span class='ocrx_word' id='word_1_175' title='bbox 435 2825 542 2891; x_wconf 90' lang='lat' dir='ltr'>Laert.</span> <span class='ocrx_word' id='word_1_176' title='bbox 566 2826 642 2889; x_wconf 81' lang='lat'>143</span> <span class='ocrx_word' id='word_1_177' title='bbox 666 2825 824 2901; x_wconf 86' lang='lat' dir='ltr'>(Thaletis</span> <span class='ocrx_word' id='word_1_178' title='bbox 846 2824 1037 2907; x_wconf 77' lang='lat' dir='ltr'>fragm.??),</span> <span class='ocrx_word' id='word_1_179' title='bbox 1068 2820 1159 2908; x_wconf 82' lang='grc' dir='ltr'><strong><em>ὁρέει</em></strong></span> <span class='ocrx_word' id='word_1_180' title='bbox 1181 2826 1257 2890; x_wconf 89' lang='lat' dir='ltr'>Luc.</span> <span class='ocrx_word' id='word_1_181' title='bbox 1281 2824 1312 2889; x_wconf 91' lang='lat' dir='ltr'>d.</span> <span class='ocrx_word' id='word_1_182' title='bbox 1336 2824 1368 2890; x_wconf 92' lang='lat' dir='ltr'>d.</span> 
     </span>
     <span class='ocr_line' id='line_1_23' title="bbox 245 2916 1369 3013; baseline -0.001 -25"><span class='ocrx_word' id='word_1_183' title='bbox 245 2921 275 2988; x_wconf 84' lang='lat' dir='ltr'>S.</span> <span class='ocrx_word' id='word_1_184' title='bbox 291 2926 334 2987; x_wconf 87' lang='grc'>30</span> <span class='ocrx_word' id='word_1_185' title='bbox 359 2922 414 2998; x_wconf 86' lang='grc'><strong>(11).</strong></span> <span class='ocrx_word' id='word_1_186' title='bbox 432 2916 495 3008; x_wconf 78' lang='grc' dir='ltr'><strong><em>ὁρῇ</em></strong></span> <span class='ocrx_word' id='word_1_187' title='bbox 518 2922 537 2988; x_wconf 92' lang='grc'>1.</span> <span class='ocrx_word' id='word_1_188' title='bbox 555 2942 582 2988; x_wconf 89' lang='lat' dir='ltr'>e.</span> <span class='ocrx_word' id='word_1_189' title='bbox 606 2918 726 3008; x_wconf 75' lang='grc' dir='ltr'><strong>ὁρᾷ111)</strong></span> <span class='ocrx_word' id='word_1_190' title='bbox 750 2925 801 3013; x_wconf 84' lang='grc'>31.</span> <span class='ocrx_word' id='word_1_191' title='bbox 825 2926 876 2988; x_wconf 80' lang='lat'>32.</span> <span class='ocrx_word' id='word_1_192' title='bbox 901 2926 952 2998; x_wconf 81' lang='lat'>48)</span> <span class='ocrx_word' id='word_1_193' title='bbox 974 2920 1117 3009; x_wconf 74' lang='grc' dir='ltr'><strong><em>ἐσορέῃς</em></strong></span> <span class='ocrx_word' id='word_1_194' title='bbox 1138 2923 1182 2988; x_wconf 88' lang='grc'><strong>11).</strong></span> <span class='ocrx_word' id='word_1_195' title='bbox 1199 2926 1249 3003; x_wconf 85' lang='grc'>33,</span> <span class='ocrx_word' id='word_1_196' title='bbox 1274 2918 1369 3006; x_wconf 79' lang='grc' dir='ltr'><strong><em>ὁρέε-</em></strong></span> 
     </span>
     <span class='ocr_line' id='line_1_24' title="bbox 246 3017 1369 3105; baseline 0.001 -21"><span class='ocrx_word' id='word_1_197' title='bbox 246 3024 330 3085; x_wconf 77' lang='grc' dir='ltr'><strong><em>σθαι</em></strong></span> <span class='ocrx_word' id='word_1_198' title='bbox 354 3018 396 3084; x_wconf 89' lang='lat' dir='ltr'>de</span> <span class='ocrx_word' id='word_1_199' title='bbox 416 3027 491 3085; x_wconf 87' lang='lat' dir='ltr'>astr.</span> <span class='ocrx_word' id='word_1_200' title='bbox 516 3023 572 3097; x_wconf 82' lang='lat'>21,</span> <span class='ocrx_word' id='word_1_201' title='bbox 598 3017 811 3104; x_wconf 80' lang='grc' dir='ltr'><strong><em>προσεδόκεε</em></strong></span> <span class='ocrx_word' id='word_1_202' title='bbox 835 3041 886 3103; x_wconf 86' lang='lat' dir='ltr'>ap.</span> <span class='ocrx_word' id='word_1_203' title='bbox 911 3024 999 3085; x_wconf 87' lang='lat' dir='ltr'>Aret.</span> <span class='ocrx_word' id='word_1_204' title='bbox 1022 3042 1053 3103; x_wconf 91' lang='lat' dir='ltr'>p.</span> <span class='ocrx_word' id='word_1_205' title='bbox 1077 3024 1118 3086; x_wconf 80' lang='lat'>78</span> <span class='ocrx_word' id='word_1_206' title='bbox 1133 3022 1177 3099; x_wconf 82' lang='lat' dir='ltr'>A,</span> <span class='ocrx_word' id='word_1_207' title='bbox 1206 3025 1369 3105; x_wconf 82' lang='grc' dir='ltr'><strong><em>μηχατέε-</em></strong></span> 
     </span>
     <span class='ocr_line' id='line_1_25' title="bbox 245 3117 1366 3199; baseline -0.003 -17"><span class='ocrx_word' id='word_1_208' title='bbox 245 3122 330 3182; x_wconf 70' lang='grc' dir='ltr'><strong><em>σθαι</em></strong></span> <span class='ocrx_word' id='word_1_209' title='bbox 360 3138 392 3199; x_wconf 90' lang='lat' dir='ltr'>p.</span> <span class='ocrx_word' id='word_1_210' title='bbox 415 3120 455 3181; x_wconf 79' lang='lat'>75</span> <span class='ocrx_word' id='word_1_211' title='bbox 471 3117 509 3181; x_wconf 87' lang='lat' dir='ltr'>A.</span> <span class='ocrx_word' id='word_1_212' title='bbox 559 3117 630 3186; x_wconf 90' lang='lat' dir='ltr'>Hae</span> <span class='ocrx_word' id='word_1_213' title='bbox 661 3117 783 3182; x_wconf 86' lang='lat' dir='ltr'>formae</span> <span class='ocrx_word' id='word_1_214' title='bbox 811 3138 876 3181; x_wconf 94' lang='lat' dir='ltr'>non</span> <span class='ocrx_word' id='word_1_215' title='bbox 909 3118 1012 3198; x_wconf 85' lang='lat' dir='ltr'>magis</span> <span class='ocrx_word' id='word_1_216' title='bbox 1043 3136 1139 3182; x_wconf 87' lang='lat' dir='ltr'>verae</span> <span class='ocrx_word' id='word_1_217' title='bbox 1169 3124 1243 3181; x_wconf 92' lang='lat' dir='ltr'>sunt</span> <span class='ocrx_word' id='word_1_218' title='bbox 1271 3136 1366 3198; x_wconf 90' lang='lat' dir='ltr'>qnam</span> 
     </span>
     <span class='ocr_line' id='line_1_26' title="bbox 244 3211 1369 3296; baseline 0.001 -19"><span class='ocrx_word' id='word_1_219' title='bbox 244 3211 412 3293; x_wconf 77' lang='grc' dir='ltr'><strong><em>αὐτέοισι,</em></strong></span> <span class='ocrx_word' id='word_1_220' title='bbox 440 3220 579 3280; x_wconf 89' lang='grc' dir='ltr'><strong><em>τοοτέοο</em></strong></span> <span class='ocrx_word' id='word_1_221' title='bbox 602 3217 644 3279; x_wconf 90' lang='lat' dir='ltr'>al.</span> <span class='ocrx_word' id='word_1_222' title='bbox 670 3235 776 3296; x_wconf 90' lang='lat' dir='ltr'>neque</span> <span class='ocrx_word' id='word_1_223' title='bbox 798 3215 864 3279; x_wconf 96' lang='lat' dir='ltr'>ullo</span> <span class='ocrx_word' id='word_1_224' title='bbox 886 3214 982 3278; x_wconf 92' lang='lat' dir='ltr'>modo</span> <span class='ocrx_word' id='word_1_225' title='bbox 1004 3215 1057 3278; x_wconf 90' lang='lat' dir='ltr'>vel</span> <span class='ocrx_word' id='word_1_226' title='bbox 1079 3214 1121 3278; x_wconf 92' lang='lat' dir='ltr'>ab</span> <span class='ocrx_word' id='word_1_227' title='bbox 1144 3213 1275 3278; x_wconf 91' lang='lat' dir='ltr'>ionibus</span> <span class='ocrx_word' id='word_1_228' title='bbox 1297 3233 1369 3294; x_wconf 92' lang='lat' dir='ltr'>pro-</span> 
     </span>
     <span class='ocr_line' id='line_1_27' title="bbox 243 3309 1367 3394; baseline -0.004 -17"><span class='ocrx_word' id='word_1_229' title='bbox 243 3312 412 3378; x_wconf 86' lang='lat' dir='ltr'>nuntiatae</span> <span class='ocrx_word' id='word_1_230' title='bbox 447 3313 499 3378; x_wconf 86' lang='lat' dir='ltr'>vel</span> <span class='ocrx_word' id='word_1_231' title='bbox 535 3313 577 3377; x_wconf 91' lang='lat' dir='ltr'>ab</span> <span class='ocrx_word' id='word_1_232' title='bbox 605 3312 768 3378; x_wconf 91' lang='lat' dir='ltr'>Herodoto</span> <span class='ocrx_word' id='word_1_233' title='bbox 804 3312 943 3394; x_wconf 88' lang='lat' dir='ltr'>scriptae</span> <span class='ocrx_word' id='word_1_234' title='bbox 979 3330 1050 3377; x_wconf 89' lang='lat' dir='ltr'>esse</span> <span class='ocrx_word' id='word_1_235' title='bbox 1085 3309 1249 3393; x_wconf 89' lang='lat' dir='ltr'>putandae</span> <span class='ocrx_word' id='word_1_236' title='bbox 1284 3317 1367 3374; x_wconf 91' lang='lat' dir='ltr'>sunt.</span> 
     </span>
     <span class='ocr_line' id='line_1_28' title="bbox 244 3408 1368 3491; baseline -0.002 -15"><span class='ocrx_word' id='word_1_237' title='bbox 244 3409 398 3489; x_wconf 78' lang='lat' dir='ltr'>Quamvis</span> <span class='ocrx_word' id='word_1_238' title='bbox 428 3410 515 3476; x_wconf 92' lang='lat' dir='ltr'>enim</span> <span class='ocrx_word' id='word_1_239' title='bbox 537 3434 558 3473; x_wconf 91' lang='grc' dir='ltr'><strong><em>α</em></strong></span> <span class='ocrx_word' id='word_1_240' title='bbox 581 3430 819 3491; x_wconf 89' lang='lat' dir='ltr'>nonnumquam</span> <span class='ocrx_word' id='word_1_241' title='bbox 849 3418 926 3474; x_wconf 89' lang='lat' dir='ltr'>ante</span> <span class='ocrx_word' id='word_1_242' title='bbox 948 3435 966 3473; x_wconf 95' lang='grc' dir='ltr'><strong><em>σ</em></strong></span> <span class='ocrx_word' id='word_1_243' title='bbox 990 3432 1016 3471; x_wconf 93' lang='grc' dir='ltr'><strong><em>ω</em></strong></span> <span class='ocrx_word' id='word_1_244' title='bbox 1040 3432 1078 3472; x_wconf 87' lang='lat' dir='ltr'>oc</span> <span class='ocrx_word' id='word_1_245' title='bbox 1101 3410 1135 3474; x_wconf 94' lang='lat' dir='ltr'>in</span> <span class='ocrx_word' id='word_1_246' title='bbox 1164 3431 1179 3472; x_wconf 88' lang='grc' dir='ltr'><strong><em>ε</em></strong></span> <span class='ocrx_word' id='word_1_247' title='bbox 1203 3408 1368 3474; x_wconf 88' lang='lat' dir='ltr'>transiisse</span> 
     </span>
     <span class='ocr_line' id='line_1_29' title="bbox 243 3505 1369 3592; baseline -0.003 -19"><span class='ocrx_word' id='word_1_248' title='bbox 243 3507 421 3592; x_wconf 86' lang='lat' dir='ltr'>putaveris,</span> <span class='ocrx_word' id='word_1_249' title='bbox 451 3506 512 3572; x_wconf 93' lang='lat' dir='ltr'>hoc</span> <span class='ocrx_word' id='word_1_250' title='bbox 536 3507 633 3573; x_wconf 90' lang='lat' dir='ltr'>etiarn</span> <span class='ocrx_word' id='word_1_251' title='bbox 656 3516 732 3574; x_wconf 91' lang='lat' dir='ltr'>ante</span> <span class='ocrx_word' id='word_1_252' title='bbox 755 3532 770 3573; x_wconf 89' lang='grc' dir='ltr'><strong><em>ε</em></strong></span> <span class='ocrx_word' id='word_1_253' title='bbox 794 3532 825 3573; x_wconf 91' lang='grc' dir='ltr'><strong><em>ει</em></strong></span> <span class='ocrx_word' id='word_1_254' title='bbox 847 3508 965 3573; x_wconf 83' lang='lat' dir='ltr'>iactum</span> <span class='ocrx_word' id='word_1_255' title='bbox 989 3505 1186 3572; x_wconf 90' lang='lat' dir='ltr'>demonstari</span> <span class='ocrx_word' id='word_1_256' title='bbox 1208 3526 1273 3570; x_wconf 92' lang='lat' dir='ltr'>non</span> <span class='ocrx_word' id='word_1_257' title='bbox 1300 3514 1369 3589; x_wconf 91' lang='lat' dir='ltr'>pot-</span> 
     </span>
     <span class='ocr_line' id='line_1_30' title="bbox 244 3604 1368 3687; baseline -0.003 -16"><span class='ocrx_word' id='word_1_258' title='bbox 244 3613 300 3671; x_wconf 83' lang='lat' dir='ltr'>est.</span> <span class='ocrx_word' id='word_1_259' title='bbox 331 3604 538 3687; x_wconf 79' lang='lat' dir='ltr'>Quantopere</span> <span class='ocrx_word' id='word_1_260' title='bbox 558 3613 664 3670; x_wconf 89' lang='lat' dir='ltr'>autem</span> <span class='ocrx_word' id='word_1_261' title='bbox 681 3607 710 3671; x_wconf 93' lang='lat' dir='ltr'>ei</span> <span class='ocrx_word' id='word_1_262' title='bbox 732 3612 847 3686; x_wconf 88' lang='lat' dir='ltr'>errent,</span> <span class='ocrx_word' id='word_1_263' title='bbox 871 3604 923 3687; x_wconf 90' lang='lat' dir='ltr'>qui</span> <span class='ocrx_word' id='word_1_264' title='bbox 948 3624 988 3671; x_wconf 82' lang='lat' dir='ltr'>ex</span> <span class='ocrx_word' id='word_1_265' title='bbox 1010 3605 1061 3670; x_wconf 89' lang='lat' dir='ltr'>his</span> <span class='ocrx_word' id='word_1_266' title='bbox 1082 3604 1208 3687; x_wconf 88' lang='lat' dir='ltr'>scriptis</span> <span class='ocrx_word' id='word_1_267' title='bbox 1229 3605 1368 3686; x_wconf 90' lang='lat' dir='ltr'>aliquem</span> 
     </span>
     <span class='ocr_line' id='line_1_31' title="bbox 242 3695 1369 3787; baseline -0.002 -20"><span class='ocrx_word' id='word_1_268' title='bbox 242 3703 378 3769; x_wconf 85' lang='lat' dir='ltr'>fructum</span> <span class='ocrx_word' id='word_1_269' title='bbox 401 3702 595 3787; x_wconf 86' lang='lat' dir='ltr'>emendandi</span> <span class='ocrx_word' id='word_1_270' title='bbox 617 3711 724 3770; x_wconf 84' lang='lat' dir='ltr'>textus</span> <span class='ocrx_word' id='word_1_271' title='bbox 745 3703 910 3769; x_wconf 87' lang='lat' dir='ltr'>herodotei</span> <span class='ocrx_word' id='word_1_272' title='bbox 933 3695 1132 3785; x_wconf 83' lang='lat' dir='ltr'>exspectant,</span> <span class='ocrx_word' id='word_1_273' title='bbox 1161 3721 1202 3769; x_wconf 84' lang='lat' dir='ltr'>ex</span> <span class='ocrx_word' id='word_1_274' title='bbox 1222 3703 1284 3767; x_wconf 88' lang='lat' dir='ltr'>hac</span> <span class='ocrx_word' id='word_1_275' title='bbox 1306 3702 1369 3786; x_wconf 88' lang='lat' dir='ltr'>syl-</span> 
     </span>
     <span class='ocr_line' id='line_1_32' title="bbox 242 3799 1369 3885; baseline -0.002 -20"><span class='ocrx_word' id='word_1_276' title='bbox 242 3802 319 3885; x_wconf 82' lang='lat' dir='ltr'>loga</span> <span class='ocrx_word' id='word_1_277' title='bbox 332 3821 353 3867; x_wconf 89' lang='lat' dir='ltr'>e</span> <span class='ocrx_word' id='word_1_278' title='bbox 366 3800 501 3865; x_wconf 90' lang='lat' dir='ltr'>Luciaui</span> <span class='ocrx_word' id='word_1_279' title='bbox 522 3800 643 3867; x_wconf 81' lang='lat' dir='ltr'>libellis</span> <span class='ocrx_word' id='word_1_280' title='bbox 665 3802 706 3866; x_wconf 87' lang='lat' dir='ltr'>dc</span> <span class='ocrx_word' id='word_1_281' title='bbox 729 3802 790 3867; x_wconf 90' lang='lat' dir='ltr'>dea</span> <span class='ocrx_word' id='word_1_282' title='bbox 805 3800 901 3883; x_wconf 86' lang='lat' dir='ltr'>Syria</span> <span class='ocrx_word' id='word_1_283' title='bbox 923 3808 955 3866; x_wconf 89' lang='lat' dir='ltr'>et</span> <span class='ocrx_word' id='word_1_284' title='bbox 978 3799 1018 3866; x_wconf 91' lang='lat' dir='ltr'>de</span> <span class='ocrx_word' id='word_1_285' title='bbox 1038 3800 1214 3883; x_wconf 82' lang='lat' dir='ltr'>astrologia</span> <span class='ocrx_word' id='word_1_286' title='bbox 1235 3800 1369 3883; x_wconf 89' lang='lat' dir='ltr'>carptim</span> 
     </span>
     <span class='ocr_line' id='line_1_33' title="bbox 241 3891 1369 3982; baseline -0.004 -18"><span class='ocrx_word' id='word_1_287' title='bbox 241 3898 344 3981; x_wconf 86' lang='lat' dir='ltr'>petita</span> <span class='ocrx_word' id='word_1_288' title='bbox 372 3898 481 3981; x_wconf 81' lang='lat' dir='ltr'>colligi</span> <span class='ocrx_word' id='word_1_289' title='bbox 514 3906 619 3982; x_wconf 89' lang='lat' dir='ltr'>potest</span> <span class='ocrx_word' id='word_1_290' title='bbox 652 3899 702 3969; x_wconf 85' lang='lat' dir='ltr'>tol.</span> <span class='ocrx_word' id='word_1_291' title='bbox 730 3905 796 3963; x_wconf 91' lang='lat' dir='ltr'>not.</span> <span class='ocrx_word' id='word_1_292' title='bbox 820 3901 860 3960; x_wconf 81' lang='lat'>22</span> <span class='ocrx_word' id='word_1_293' title='bbox 889 3905 922 3962; x_wconf 92' lang='lat' dir='ltr'>et</span> <span class='ocrx_word' id='word_1_294' title='bbox 949 3917 1032 3979; x_wconf 90' lang='lat' dir='ltr'>quae</span> <span class='ocrx_word' id='word_1_295' title='bbox 1059 3898 1155 3963; x_wconf 90' lang='lat' dir='ltr'>modo</span> <span class='ocrx_word' id='word_1_296' title='bbox 1183 3899 1275 3963; x_wconf 88' lang='lat' dir='ltr'>attuli</span> <span class='ocrx_word' id='word_1_297' title='bbox 1306 3891 1369 3982; x_wconf 80' lang='grc' dir='ltr'><strong><em>ὁρῇ</em></strong></span> 
     </span>
     <span class='ocr_line' id='line_1_34' title="bbox 237 3990 1369 4079; baseline -0.002 -19"><span class='ocrx_word' id='word_1_298' title='bbox 237 3995 334 4078; x_wconf 81' lang='lat' dir='ltr'>juxta</span> <span class='ocrx_word' id='word_1_299' title='bbox 357 3990 449 4077; x_wconf 82' lang='grc' dir='ltr'><strong><em>ὁρέει</em></strong></span> <span class='ocrx_word' id='word_1_300' title='bbox 471 3995 570 4069; x_wconf 59' lang='lat' dir='ltr'>siml:</span> <span class='ocrx_word' id='word_1_301' title='bbox 608 3994 726 4079; x_wconf 82' lang='grc' dir='ltr'><strong><em>ἱερέων</em></strong></span> <span class='ocrx_word' id='word_1_302' title='bbox 749 3997 765 4060; x_wconf 92' lang='lat' dir='ltr'>I</span> <span class='ocrx_word' id='word_1_303' title='bbox 789 4001 817 4059; x_wconf 83' lang='lat'>4.</span> <span class='ocrx_word' id='word_1_304' title='bbox 842 4000 892 4060; x_wconf 87' lang='grc'>36.</span> <span class='ocrx_word' id='word_1_305' title='bbox 916 3999 973 4073; x_wconf 84' lang='grc'>39,</span> <span class='ocrx_word' id='word_1_306' title='bbox 1001 3997 1169 4077; x_wconf 83' lang='grc' dir='ltr'><strong><em>βασιλέων</em></strong></span> <span class='ocrx_word' id='word_1_307' title='bbox 1192 3998 1248 4073; x_wconf 84' lang='grc'>39,</span> <span class='ocrx_word' id='word_1_308' title='bbox 1279 3993 1369 4075; x_wconf 83' lang='grc' dir='ltr'><strong><em>ἱρέες</em></strong></span> 
     </span>
     <span class='ocr_line' id='line_1_35' title="bbox 245 4091 1369 4179; baseline -0.004 -22"><span class='ocrx_word' id='word_1_309' title='bbox 245 4095 293 4159; x_wconf 89' lang='grc'>13.</span> <span class='ocrx_word' id='word_1_310' title='bbox 318 4098 356 4160; x_wconf 86' lang='grc'>31</span> <span class='ocrx_word' id='word_1_311' title='bbox 389 4098 517 4169; x_wconf 83' lang='grc' dir='ltr'><strong><em>(τοκέες</em></strong></span> <span class='ocrx_word' id='word_1_312' title='bbox 547 4093 588 4158; x_wconf 90' lang='lat' dir='ltr'>de</span> <span class='ocrx_word' id='word_1_313' title='bbox 613 4101 688 4158; x_wconf 89' lang='lat' dir='ltr'>astr.</span> <span class='ocrx_word' id='word_1_314' title='bbox 712 4096 782 4175; x_wconf 70' lang='grc'>20),</span> <span class='ocrx_word' id='word_1_315' title='bbox 816 4093 874 4158; x_wconf 90' lang='lat' dir='ltr'>sed</span> <span class='ocrx_word' id='word_1_316' title='bbox 896 4094 1061 4179; x_wconf 74' lang='grc' dir='ltr'><strong><em>βασιλῆος</em></strong></span> <span class='ocrx_word' id='word_1_317' title='bbox 1083 4097 1112 4157; x_wconf 84' lang='grc'>4.</span> <span class='ocrx_word' id='word_1_318' title='bbox 1139 4097 1187 4169; x_wconf 82' lang='grc'>17,</span> <span class='ocrx_word' id='word_1_319' title='bbox 1221 4091 1369 4173; x_wconf 78' lang='grc' dir='ltr'><strong><em>βασιλῆα</em></strong></span> 
     </span>
    </p>
   </div>
   <div class='ocr_carea' id='block_1_3' title="bbox 239 4184 1373 4374">
    <p class='ocr_par' dir='ltr' id='par_1_4' title="bbox 239 4184 1373 4374">
     <span class='ocr_line' id='line_1_36' title="bbox 241 4184 1373 4276; baseline -0.007 -22"><span class='ocrx_word' id='word_1_320' title='bbox 241 4193 294 4255; x_wconf 83' lang='lat'>20.</span> <span class='ocrx_word' id='word_1_321' title='bbox 317 4194 369 4271; x_wconf 82' lang='lat'>23,</span> <span class='ocrx_word' id='word_1_322' title='bbox 395 4190 492 4272; x_wconf 82' lang='lat' dir='ltr'>juxta</span> <span class='ocrx_word' id='word_1_323' title='bbox 514 4188 713 4274; x_wconf 75' lang='grc' dir='ltr'><strong><em>ἐσαγγελέος</em></strong></span> <span class='ocrx_word' id='word_1_324' title='bbox 735 4195 775 4256; x_wconf 78' lang='lat'>25</span> <span class='ocrx_word' id='word_1_325' title='bbox 799 4186 954 4276; x_wconf 78' lang='grc' dir='ltr'><strong><em>(Ὀρφέος</em></strong></span> <span class='ocrx_word' id='word_1_326' title='bbox 976 4190 1007 4255; x_wconf 88' lang='grc'>(1.</span> <span class='ocrx_word' id='word_1_327' title='bbox 1030 4198 1105 4256; x_wconf 90' lang='lat' dir='ltr'>astr.</span> <span class='ocrx_word' id='word_1_328' title='bbox 1131 4194 1180 4269; x_wconf 83' lang='lat'>10,</span> <span class='ocrx_word' id='word_1_329' title='bbox 1211 4184 1373 4270; x_wconf 82' lang='grc' dir='ltr'><strong><em>Ἀστρέσς.</em></strong></span> 
     </span>
     <span class='ocr_line' id='line_1_37' title="bbox 239 4282 1369 4374; baseline -0.004 -21"><span class='ocrx_word' id='word_1_330' title='bbox 239 4288 292 4353; x_wconf 70' lang='lat' dir='ltr'>ib!</span> <span class='ocrx_word' id='word_1_331' title='bbox 312 4291 373 4371; x_wconf 71' lang='lat'>12),</span> <span class='ocrx_word' id='word_1_332' title='bbox 393 4284 574 4369; x_wconf 79' lang='grc' dir='ltr'><strong><em>Ἀχιλλέως</em></strong></span> <span class='ocrx_word' id='word_1_333' title='bbox 596 4293 647 4369; x_wconf 85' lang='grc'>40,</span> <span class='ocrx_word' id='word_1_334' title='bbox 671 4294 804 4374; x_wconf 87' lang='grc' dir='ltr'><strong><em>Νιρέως</em></strong></span> <span class='ocrx_word' id='word_1_335' title='bbox 827 4294 884 4372; x_wconf 78' lang='grc'>40;</span> <span class='ocrx_word' id='word_1_336' title='bbox 908 4286 1061 4374; x_wconf 83' lang='grc' dir='ltr'><strong><em>οἰκήσιος</em></strong></span> <span class='ocrx_word' id='word_1_337' title='bbox 1084 4286 1115 4351; x_wconf 88' lang='lat' dir='ltr'>d.</span> <span class='ocrx_word' id='word_1_338' title='bbox 1131 4294 1206 4352; x_wconf 84' lang='lat' dir='ltr'>astr.</span> <span class='ocrx_word' id='word_1_339' title='bbox 1223 4288 1252 4367; x_wconf 85' lang='lat'>3,</span> <span class='ocrx_word' id='word_1_340' title='bbox 1276 4282 1369 4371; x_wconf 73' lang='grc' dir='ltr'><strong><em>κινή-</em></strong></span> 
     </span>
    </p>
   </div>
   <div class='ocr_carea' id='block_1_4' title="bbox 0 0 1792 5334">
    <p class='ocr_par' dir='ltr' id='par_1_5' title="bbox 0 0 1792 5334">
     <span class='ocr_line' id='line_1_38' title="bbox 0 0 1792 5334; baseline 0 0"><span class='ocrx_word' id='word_1_341' title='bbox 0 0 1792 5334; x_wconf 95' lang='lat' dir='ltr'> </span> 
     </span>
    </p>
   </div>
  </div>
 </body>
</html>
