3575 5334
401 660 463 721 240
922 662 1011 717 Cauer

401 834 460 898 viri
484 834 568 899 docti
591 833 686 899 aliter
713 832 957 913 iudicaverant,
988 853 1097 900 eorum
1125 834 1286 901 sententia
1314 836 1393 901 satis
1415 837 1529 903 acriter

400 932 539 998 refutata
572 939 620 997 est
651 952 671 995 a
700 932 908 997 Boeckhio
939 930 974 996 d.
1002 931 1023 996 i.
1048 933 1102 998 Gr.
1130 953 1162 1015 p.
1185 936 1225 997 43
1260 937 1293 997 et
1324 933 1367 997 ab
1396 934 1528 1000 Alberto

402 1029 538 1109 Giese,
582 1029 712 1105 ,Ueber
748 1028 810 1093 den
847 1030 1012 1095 r‘tolisehen
1049 1029 1213 1111 Dialekt“,
1253 1028 1396 1094 Beroliui
1437 1034 1525 1113 1837,

401 1147 455 1209 pp.
479 1130 540 1191 327
557 1145 625 1208 sqq.
663 1146 796 1208 quorum
818 1126 1129 1210 argumentationem
1152 1148 1173 1192 a
1195 1147 1246 1193 me
1267 1127 1370 1210 repeti
1393 1148 1460 1192 non
1483 1136 1529 1193 est

400 1230 548 1304 necesse,
594 1224 783 1306 praesertim
826 1242 897 1287 oum
936 1224 1033 1289 etiam
1070 1232 1213 1290 veterum
1249 1224 1529 1307 grammaticorum

400 1320 507 1384 varias
530 1326 562 1385 et
583 1320 742 1386 interdum
766 1319 953 1385 artificiosas
975 1321 1144 1403 opiniones
1159 1320 1286 1387 Giesius
1308 1341 1387 1387 sano
1411 1321 1527 1386 iudicio

400 1417 642 1483 examinaverit.
697 1438 762 1482 una
795 1425 902 1483 tamen
936 1437 1003 1498 res,
1036 1418 1070 1481 irr
1104 1438 1168 1500 qua
1200 1418 1313 1500 lapsus
1347 1439 1419 1485 esse
1452 1421 1528 1485 milri

400 1513 542 1593 videtur,
566 1507 610 1579 'eo
640 1514 743 1596 magis
771 1515 830 1579 hoc
858 1516 929 1579 loco
958 1513 1239 1579 commemoranda
1267 1522 1330 1597 est,
1360 1517 1448 1597 quod
1477 1539 1528 1584 ex-

400 1613 539 1692 emplum
576 1611 737 1693 quoddam
772 1630 813 1676 ex
844 1611 923 1695 ipsis
956 1611 1217 1694 inscriptionibus
1247 1613 1361 1678 Atticis
1394 1616 1527 1696 petitum

400 1708 581 1774 sententiae
617 1708 677 1771 viri
714 1708 889 1773 doctissimi
935 1710 1050 1774 obstat.
1109 1709 1235 1792 putavit
1277 1710 1361 1775 euim
1400 1710 1527 1777 Giesius

401 1809 444 1889 (p.
468 1808 542 1881 333)
572 1825 641 1870 cum
671 1824 711 1869 ex
742 1806 844 1888 ipsius
877 1806 923 1870 rei
952 1813 1068 1871 natura
1102 1813 1167 1871 tum
1201 1826 1241 1871 ex
1278 1808 1438 1872 constanti
1469 1829 1528 1874 usu

400 1904 563 1968 titulorum
586 1903 781 1967 Graecorum
809 1922 879 1968 eam
909 1903 1054 1985 regulam
1084 1904 1192 1985 colligi
1213 1923 1325 1986 posse,
1355 1909 1390 1967 ut
1418 1905 1453 1970 in
1482 1906 1528 1971 eis

400 2008 523 2064 tanturn
546 1991 712 2065 vocabulis
734 2000 918 2082 compositis
947 2000 1077 2083 spiritus
1105 2020 1242 2082 aspera
1264 2001 1527 2085 veteribuupro·

401 2098 565 2162 nuntiatus
587 2097 645 2175 sit,
677 2098 709 2161 iu
734 2096 848 2178 quibus
871 2098 992 2163 vocalis
1014 2097 1150 2163 alicuius
1171 2097 1262 2163 elisio
1285 2104 1361 2163 ante
1383 2101 1527 2164 commis-

401 2215 507 2260 suram
530 2202 586 2259 aut
607 2214 672 2258 uon
691 2193 777 2257 iacta
793 2201 877 2259 esset
898 2202 954 2258 aut
975 2194 1061 2259 facta
1082 2201 1155 2277 post
1176 2195 1302 2259 literam
1325 2196 1525 2279 explosivam

400 2292 605 2374 aspirationis
627 2292 814 2374 patientem.
845 2311 939 2372 quam
956 2292 1100 2373 regulam
1123 2311 1224 2375 nuper
1246 2293 1407 2374 expressis
1426 2292 1525 2374 Giesii

399 2390 507 2454 verbis
535 2409 625 2454 suam
655 2389 730 2454 feoit
758 2388 1015 2469 Kuehnerus,
1049 2387 1293 2464 ,Ausfthrliche
1322 2387 1524 2455 Grammatik

401 2484 458 2550 der
480 2485 702 2567 griechischen
718 2484 916 2568 Spraohe“²,
939 2484 955 2547 Ι
977 2505 1008 2567 p.
1034 2489 1104 2549 103.
1134 2492 1265 2549 atvero
1288 2487 1426 2568 primum
1449 2487 1525 2570 quid

399 2583 545 2665 spiritum
575 2601 722 2665 asperum
745 2581 963 2665 impediverit,
994 2582 1162 2664 quominus
1190 2582 1324 2647 elisione
1353 2591 1428 2666 post
1454 2604 1525 2650 con·

400 2688 568 2745 sonantem
592 2681 791 2762 explosivam
814 2679 953 2744 mediam
968 2679 1022 2744 vel
1044 2679 1198 2761 liquidam
1221 2680 1274 2743 vel
1296 2680 1394 2744 aliam
1418 2701 1526 2763 quam·

400 2776 480 2841 libet
501 2776 586 2841 iacta
607 2779 873 2860 pronuntiaretur,
905 2795 1017 2841 vereor
1039 2783 1074 2840 ut
1095 2776 1263 2858 quisquam
1286 2775 1393 2843 dicere
1416 2779 1526 2861 possit,

400 2874 427 2938 si
450 2873 579 2954 quidem
608 2893 712 2955 neque
740 2874 831 2939 elisio
860 2873 981 2939 vocalis
1010 2874 1038 2939 ei
1067 2872 1175 2937 nocuit
1199 2871 1233 2935 in
1262 2869 1392 2959 ὕφαλος
1422 2894 1526 2960 neque

399 2970 595 3036 antecedens
618 2991 799 3036 consonans
821 2971 1027 3054 aspirationis
1041 2969 1213 3052 impatiens
1228 2969 1262 3033 in
1277 2968 1394 3035 ἐνὸδια
1418 2974 1526 3050 (Giese

400 3090 431 3152 p.
445 3072 529 3144 335).
560 3069 773 3151 nequeenim,
797 3068 882 3149 quod
905 3069 975 3150 ipse
990 3086 1087 3151 supra
1100 3065 1242 3131 concessi
1265 3074 1338 3149 post
1360 3069 1525 3135 elisionem

400 3165 545 3249 spiritum
568 3186 717 3249 asperum
740 3166 866 3231 facilius
889 3165 1059 3230 evanuisse
1073 3163 1173 3228 allato
1188 3163 1245 3226 illo
1262 3159 1296 3226 δ’
1314 3161 1351 3226 οἵ
1371 3184 1411 3229 ex
1435 3165 1525 3231 titulo

399 3264 570 3346 sepulcrali
594 3265 672 3329 satis
694 3263 819 3346 priscae
841 3263 974 3342 aetatis,
1005 3262 1064 3326 hoc
1087 3280 1125 3326 eo
1148 3280 1244 3325 sensu
1267 3260 1350 3342 dixi,
1379 3268 1415 3325 ut
1437 3270 1526 3346 puta·

398 3380 464 3424 rem
488 3362 633 3443 spiritum
655 3381 803 3444 asperum
829 3368 902 3443 post
924 3358 1151 3442 apostrophum
1175 3357 1305 3422 omuino
1327 3360 1525 3439 pronuntiari

398 3477 463 3520 non
497 3456 648 3539 potuisse.
698 3459 762 3522 iam
791 3477 867 3522 vero
898 3457 1046 3539 exempla
1074 3453 1176 3519 Giesii
1204 3456 1336 3536 regulae
1365 3455 1525 3521 obstantia

400 3553 427 3616 si
449 3554 540 3617 nulla
562 3555 787 3636 reperiremus,
818 3573 916 3619 eausa
937 3574 1003 3617 non
1026 3557 1125 3634 esset,
1154 3570 1209 3615 our
1230 3551 1428 3633 miraremur,
1452 3553 1525 3634 quia

399 3652 528 3714 omnino
562 3669 712 3716 numerus
746 3651 966 3733 exemplorum
1000 3649 1041 3714 ad
1081 3649 1165 3713 hano
1197 3648 1418 3730 quaestionem
1457 3669 1525 3732 per·

398 3748 569 3812 tinentium
595 3767 771 3830 perparvus
794 3754 850 3814 est.
897 3754 929 3813 et
956 3742 1161 3829 παρὲξόνται
1189 3745 1317 3827 quidem
1347 3752 1380 3811 ot
1409 3741 1525 3811 ἆνὲλό-

399 3867 501 3924 μενος
534 3850 565 3908 et
597 3845 714 3909 similia
745 3845 779 3908 irr
813 3845 933 3910 tabulis
962 3841 1223 3910 Heracliensibus
1251 3843 1413 3908 exstantia
1442 3850 1525 3909 recte

402 3941 528 4005 Giesius
551 3942 611 4005 hoo
633 3943 702 4007 loco
724 3942 804 4006 nihil
826 3942 936 4007 valere
956 3940 1127 4020 iudicavit,
1151 3938 1226 4020 quia
1249 3938 1414 4022 utriusque
1437 3960 1525 4024 prae·

398 4038 566 4120 positionis
588 4037 658 4122 πάρ
675 4048 707 4104 et
722 4036 762 4103 ἄν
777 4039 879 4103 iorma
901 4057 959 4121 per
980 4055 1147 4120 apocopen
1167 4036 1252 4101 iacta
1267 4036 1300 4100 in
1318 4035 1384 4101 illis
1406 4038 1523 4103 tabulis

344 4123 348 4131 ’
398 4137 494 4199 etiam
517 4141 592 4200 ante
615 4144 830 4200 consonantes
853 4154 980 4217 semper
1002 4141 1181 4217 usurpatur.
1217 4139 1251 4198 at
1271 4133 1305 4196 in
1328 4134 1438 4200 Attica
1460 4134 1523 4199 dia·

396 4230 479 4295 lecto
508 4233 663 4297 habemus
692 4230 857 4315 πάρὲδροι
886 4231 920 4297 0.
943 4233 965 4296 i.
993 4234 1030 4296 Α.
1055 4236 1105 4313 34,
1137 4242 1164 4292 11
1193 4230 1227 4294 in
1255 4229 1383 4297 decreto
1413 4232 1522 4316 popuii
