3575 5334
726 1405 1070 1485 CONSPEOTUS.

1394 1567 1428 1605 nae-

334 1619 504 1674 Proocmium
554 1658 1364 1677 ....................
1394 1623 1427 1672 lit

333 1699 446 1768 Caput
466 1701 486 1753 I.
530 1700 571 1754 De
593 1701 735 1756 literatura
756 1700 964 1770 inscriptionum
982 1703 1135 1758 Atticarum
1157 1700 1278 1756 Euclidis
1302 1716 1366 1755 anno

401 1781 578 1835 vetustiorum
597 1818 1366 1838 ...................
1395 1784 1405 1832 l
1420 1782 1428 1797 '

334 1860 446 1929 Caput
462 1860 496 1913 II.
533 1861 574 1916 De
592 1861 731 1916 vocalibus
767 1903 1367 1918 ...............
1396 1864 1423 1912 l‘

435 1941 455 1993 Ι.
480 1940 522 1995 De
540 1962 554 2004 η
574 1946 601 1996 et
620 1962 636 1992 a
654 1943 734 2010 longa
770 1984 1367 1999 ...............
1396 1946 1406 1993 l

422 2020 455 2074 Il.
482 2021 522 2075 De
540 2040 564 2074 ει
581 2026 608 2075 et
627 2042 658 2074 ov
676 2022 849 2093 diphthongis
894 2064 1366 2079 ............
1395 2025 1406 2074 l

409 2102 456 2155 111.
481 2102 523 2156 De
541 2104 708 2172 complutum
726 2105 859 2159 vocalium
879 2120 908 2159 se
926 2105 1116 2174 excipientium
1134 2103 1328 2158 mutationibus
1362 2145 1367 2157 .
1396 2104 1406 2153 l

334 2183 439 2251 Caput
456 2183 504 2236 ΙΙΙ.
543 2183 586 2238 De
605 2184 818 2240 consonantibus
854 2183 864 2238 .’
897 2224 1367 2240 ............
1396 2183 1429 2234 t'

434 2263 457 2320 Ι.
482 2264 523 2318 De
540 2264 637 2333 spiritu
660 2268 688 2318 et
710 2264 743 2319 de
760 2265 926 2333 aspiratione
948 2264 1155 2320 consonantium
1178 2264 1368 2333 explosivarum
1396 2265 1407 2314 i

422 2346 457 2398 ΙΙ.
481 2344 522 2398 De
539 2343 717 2413 geminatione
734 2345 828 2399 literae
847 2344 962 2400 caninae
982 2386 1367 2400 ..........
1396 2346 1425 2395 l·

409 2425 457 2478 III.
482 2424 524 2479 De
542 2424 722 2492 geminatione
740 2426 871 2480 sibilantis
890 2429 954 2481 ante
971 2425 1065 2481 literas
1083 2426 1235 2495 explosivas
1253 2426 1367 2495 positae.
1396 2426 1407 2475 l

409 2505 457 2559 IV.
480 2504 523 2558 De
541 2521 576 2556 σσ
593 2508 621 2561 et
639 2524 670 2557 ττ
688 2506 758 2560 inter
783 2521 812 2561 se
834 2508 944 2562 mutatis
982 2547 1368 2561 ..........

424 2584 456 2638 V.
479 2584 522 2638 De
539 2583 586 2645 ξύν
604 2592 652 2639 aut
674 2586 724 2639 uia
748 2588 947 2656 praepositione
984 2628 989 2639 .
1026 2629 1031 2640 .
1069 2627 1075 2640 .
1112 2628 1117 2640 .
1155 2628 1161 2642 .
1198 2628 1204 2640 .
1241 2627 1246 2641 .
1284 2627 1290 2640 .
1324 2627 1329 2640 .

410 2664 456 2719 VI.
482 2665 524 2718 De
542 2665 745 2721 assimulatione
763 2667 909 2722 literarum‘
921 2666 1073 2742 nasutium,
1110 2707 1117 2721 .
1139 2696 1143 2700 -
1154 2706 1367 2721 ......

336 2746 440 2815 Caput
458 2744 504 2798 lv.
540 2744 581 2800 De
602 2746 741 2801 vocalibus
764 2750 791 2801 et
816 2748 1027 2802 consonantibus
1051 2747 1080 2801 in
1102 2748 1279 2803 commissura
1295 2760 1368 2802 voca·

403 2824 529 2880 bulorum
547 2840 576 2879 se
595 2825 790 2895 excipientibus
812 2868 1367 2883 ,,,,,,,,,,,,,,
1396 2825 1430 2876 ill
