3575 5334
409 676 449 737 26
925 682 1025 778 Clemm

493 854 635 918 Plurima
667 853 817 935 exempla
846 854 1088 919 Germaniae
1117 855 1328 921 interioris
1365 865 1397 921 et
1425 858 1529 922 anti·

408 952 573 1033 quiores
604 951 777 1016 dialecti
808 957 839 1014 et
867 951 1123 1017 recentiores
1150 953 1321 1035 praebent,
1349 955 1403 1018 uhi
1433 956 1528 1020 etiam

408 1069 493 1114 nunc
509 1055 646 1114 exstant.
662 1048 994 1130 Anglosaxonica
1008 1048 1122 1113 Franc.
1139 1050 1332 1116 Dietrichius
1349 1052 1382 1116 in
1399 1053 1529 1137 Hauptii

408 1146 486 1211 diar.
495 1147 553 1227 XI,
563 1150 634 1210 413.
646 1145 738 1225 ΧΙΙΙ,
749 1148 789 1210 32
801 1145 945 1227 collegit3
963 1153 1037 1210 sunt
1048 1153 1153 1211 autem
1168 1146 1264 1212 hacc:
1280 1146 1392 1231 inst-dd
1402 1168 1530 1232 perpru-

408 1244 488 1310 dens
502 1244 598 1309 Beov.
614 1247 704 1309 1874.
718 1245 811 1324 2449,
828 1243 882 1307 ubi
899 1242 1047 1307 Greinius
1059 1244 1092 1307 id
1104 1244 1209 1308 inutili
1221 1246 1405 1327 conjectura
1417 1248 1528 1312 tollerc

408 1342 517 1423 voluit,
533 1340 701 1424 indqphtcn
723 1340 900 1423 pernobilis
916 1346 948 1404 et
969 1340 1054 1421 quod
1079 1342 1253 1407 verisimile
1269 1350 1317 1407 est
1333 1343 1448 1427 insttde
1462 1364 1528 1427 per·

408 1459 557 1521 aquosus.
595 1437 854 1520 Antiquioris
877 1438 1102 1502 Saxonicae
1123 1439 1253 1504 dialecti
1275 1448 1404 1523 praeter
1428 1441 1528 1503 rusori

408 1537 530 1601 nullum
547 1537 729 1619 exemplum
746 1544 900 1618 superest,
913 1536 1067 1600 recenti
1078 1556 1146 1600 ora
1161 1544 1267 1602 tamen
1278 1540 1436 1602 nonnulla
1448 1540 1528 1604 Hoe-

405 1634 492 1700 ferus
506 1635 529 1698 l.
544 1635 565 1697 l.
582 1639 622 1697 ht
635 1627 802 1714 'congessit
816 1640 851 1697 ut
866 1631 970 1694 inbono
992 1632 1159 1714 pessimos,
1182 1634 1297 1716 intras
1311 1636 1528 1718 probissimus,

407 1730 487 1812 inser
508 1729 605 1795 valde
627 1730 764 1813 pinguis,
788 1729 906 1811 infrrtm
929 1730 1068 1794 maxime
1090 1731 1172 1812 pius,
1195 1730 1302 1794 inlrldlr
1323 1734 1529 1815 prudentissi-

407 1849 487 1908 mus,
517 1828 637 1889 r'nmoer
657 1826 880 1905 mollissimus,
904 1826 1044 1892 maxime
1065 1834 1253 1910 maceratus,
1277 1830 1320 1893 al.
1365 1832 1472 1896 Etiam
1497 1832 1528 1897 in

407 1924 654 1990 Hollandica
684 1923 820 1989 dialecto
843 1924 979 2006 aliisque
1001 1926 1144 2007 cognatis
1170 1926 1288 1991 similia
1315 1928 1528 1994 inveniuntur.

407 2023 641 2106 Superioris
670 2021 808 2103 denique
831 2022 1065 2087 Germaniae
1095 2024 1206 2105 lingua
1227 2024 1380 2089 intensivi
1407 2027 1439 2087 in
1466 2048 1528 2092 non

406 2139 509 2203 pauca
533 2120 682 2203 exempla
704 2120 834 2186 exhibet
857 2128 889 2184 et
910 2120 1086 2184 nominalia
1104 2128 1136 2184 et
1157 2121 1311 2185 verbalia.
1359 2124 1464 2204 Atque
1491 2144 1529 2191 ex

407 2217 714 2299 antiquioribus
729 2217 875 2283 dialectis
890 2238 961 2282 cum
977 2219 1108 2300 inprrttn
1120 2223 1152 2283 et
1167 2218 1355 2299 inprutentltb
1366 2221 1436 2301 Jam
1448 2242 1528 2286 com·

406 2322 583 2381 memorata
603 2315 676 2395 sint,
700 2304 869 2380 medium
893 2315 978 2396 quod
994 2323 1125 2380 vocatur
1139 2335 1278 2379 aevum
1302 2317 1393 2382 nobis
1416 2338 1529 2403 suppe-

334 2408 344 2420 “
406 2414 486 2479 ditet
500 2415 649 2495 inprr'terre
663 2413 842 2494 perviridis,
858 2413 1025 2485 induratae,
1048 2414 1195 2490 inciurcc,
1214 2414 1322 2493 irrprtot
1335 2415 1409 2496 alia,
1434 2420 1528 2483 etiam

407 2531 452 2575 ex
475 2510 705 2592 aequalium
724 2509 866 2591 lingua
888 2516 985 2573 antea
1001 2509 1272 2575 substantivorum
1290 2510 1451 2593 Ioprr'mm,
1479 2518 1528 2578 Io-

406 2606 516 2668 hrunst
537 2614 569 2671 et
591 2607 740 2671 similium
757 2606 876 2670 mentio
899 2613 947 2671 est
963 2606 1056 2671 facta.
1090 2610 1188 2673 Recte
1204 2608 1375 2673 Grimmius
1391 2611 1412 2673 l.
1429 2613 1450 2675 l.
1469 2617 1525 2677 761

406 2704 635 2768 animadvertit
655 2703 848 2767 intensivum
871 2705 903 2764 r'rr
925 2723 1087 2785 nunquam
1106 2707 1154 2766 cr‘rr
1170 2726 1286 2771 sonare
1301 2717 1529 2791 enumeratque

407 2802 494 2882 input
509 2808 541 2865 et
555 2800 701 2881 vulgaria
717 2799 851 2878 ansoldo,
868 2800 969 2879 inlici,
992 2801 1107 2879 irrhobl,
1131 2804 1245 2883 quibus
1261 2804 1416 2870 Hoeierus
1432 2827 1450 2871 e
1466 2808 1529 2872 Vil-

407 2898 498 2963 marii
514 2897 642 2962 idiotice
659 2898 812 2962 Hassiaco
828 2902 870 2981 (p.
889 2902 948 2963 184
960 2902 1019 2980 sq.)
1034 2899 1132 2964 adicit
1146 2900 1328 2979 irrdr'rerlr'clz,
1344 2904 1526 2985 r'npescbcid,

406 2995 550 3072 inlrrcrrlr,
573 2994 750 3071 r'asclrlcclrt,
772 2996 868 3078 input,
892 2998 1014 3077 inpriin,
1037 2996 1195 3078 irrfromrn,
1219 3000 1341 3062 r'nstolz.

493 3092 701 3158 Perlnstranti
725 3094 804 3157 haec
827 3094 935 3158 omnia
958 3094 1106 3175 exempla
1134 3093 1265 3158 dubium
1288 3116 1446 3163 essenon
1476 3121 1525 3183 po·

407 3197 478 3275 test,
495 3193 571 3273 quin
586 3192 619 3254 in
636 3190 835 3256 Germanicis
852 3191 981 3273 linguis,
1004 3191 1037 3255 si
1054 3190 1157 3271 quod
1180 3193 1408 3274 praefixum
1424 3199 1456 3258 in
1472 3198 1527 3262 in·

406 3290 607 3354 tensivum
629 3287 929 3371 agnoscendum
951 3296 1026 3369 est,
1050 3288 1154 3354 idem
1170 3290 1342 3371 sitqnod
1359 3313 1527 3377 praepo·

406 3386 517 3466 sitio,
541 3405 623 3467 quae
638 3385 796 3466 quomodo
811 3386 951 3468 angendi
974 3386 1037 3448 vim
1061 3386 1241 3469 exprimere
1263 3390 1409 3471 potuerit,
1432 3412 1528 3475 supra

406 3483 647 3565 explicavimus.
692 3484 738 3546 Ac
760 3482 929 3564 quominus
946 3482 1030 3546 hanc
1044 3484 1314 3565 praepositionem
1335 3486 1527 3553 intensivum

406 3599 475 3644 cum
499 3579 900 3662 negativopraeiixo
923 3579 1171 3660 confundamus,
1194 3580 1266 3662 ipsa
1288 3581 1394 3646 obstat
1415 3584 1528 3651 forma-

405 3696 474 3745 rum
499 3675 677 3740 diversitas.
722 3675 791 3740 Hoc
812 3677 897 3741 enirn
919 3696 959 3737 aa
981 3696 1038 3758 per
1054 3678 1226 3760 plerasque
1248 3677 1402 3743 dialectos
1424 3689 1527 3763 sonat,

405 3773 511 3837 nasali
534 3772 614 3837 elisa
636 3773 669 3836 in
691 3779 799 3839 vetere
821 3773 897 3839 dial.
914 3781 995 3856 sept.
1013 3779 1031 3836 ὂ
1054 3772 1186 3838 efficitur
1206 3781 1241 3838 ut
1256 3779 1268 3836 t
1282 3795 1322 3839 ex
1337 3777 1378 3836 in.
1411 3778 1527 3843 Verum

406 3870 512 3935 obstat
534 3870 629 3935 etiam
652 3870 840 3953 significatio
863 3871 1091 3936 vocabulorum
1112 3872 1240 3937 illorum
1256 3871 1527 3959 Germanicorum,

406 3988 500 4049 quam
530 3967 715 4051 priusquam
744 3968 949 4051 explicemus,
983 3988 1086 4051 pauca
1113 3969 1209 4033 altius
1235 3969 1415 4051 repetenda
1444 3981 1527 4039 sunt.

489 4064 635 4129 Praelixo
650 4066 801 4149 negativo
823 4067 1034 4149 privationem
1052 4066 1185 4148 exprimi
1202 4073 1327 4131 veteres
1342 4067 1410 4133 sive
1426 4089 1527 4151 gram·

405 4160 511 4225 matici
527 4160 596 4227 sive
611 4163 794 4248 philosophi
809 4163 985 4229 censebant
1005 4163 1150 4247 inprimis
1168 4162 1268 4242 stoici,
1292 4183 1424 4244 quorum
1442 4168 1528 4234 testi-

406 4259 512 4324 monia
534 4258 704 4344 diligenter
730 4258 860 4342 collegit
880 4258 963 4323 Rnd.
987 4260 1147 4340 Schmidt,
1174 4260 1344 4325 stoicorum
1372 4282 1527 4343 gramma·
