3575 5334
642 718 674 775 de
692 719 807 775 dialecto
824 723 918 778 Attica
935 721 1088 778 vetustiore.
1123 723 1143 776 Ι.
1394 719 1456 782 283

329 981 389 1045 III.
434 980 490 1045 De
521 978 801 1061 geminatione
834 979 1050 1056 sibilantis
1083 989 1178 1048 ante
1211 981 1358 1049 literas
1392 1004 1458 1051 ex-

704 1077 890 1160 plosivas
914 1079 1087 1162 positae.

417 1211 622 1294 Pinguiorem
651 1211 829 1293 quandam,
864 1213 968 1294 qualis
998 1213 1157 1279 interdum
1187 1214 1259 1294 fuit,
1295 1236 1315 1279 o
1344 1216 1458 1283 literae

330 1318 407 1378 ante
444 1315 658 1375 consonantes
695 1309 791 1375 duras
828 1310 953 1393 positae
990 1312 1282 1394 pronuntiationem
1317 1314 1457 1380 Graecos

330 1408 496 1493 geminata
534 1407 690 1490 scriptura
732 1407 892 1473 sibilantis
929 1407 1126 1490 significasse
1161 1410 1361 1476 notissimum
1398 1418 1456 1478 est.

331 1507 523 1590 quicumque
555 1505 639 1570 enim
672 1505 725 1571 vel
764 1505 926 1571 levissime
959 1505 1067 1571 studia
1103 1506 1310 1590 epigraphica
1342 1508 1457 1592 attigit,

331 1625 403 1671 cum
433 1602 571 1687 primum
595 1600 717 1685 Corpus
745 1601 986 1686 inscriptionum
1016 1603 1211 1669 Graecarum
1239 1605 1394 1689 inspexit,
1424 1606 1456 1672 in

331 1702 436 1785 primo
466 1700 560 1783 primi
582 1699 754 1765 voluminis
776 1699 869 1764 titulo
891 1701 1010 1783 reperit
1033 1696 1252 1782 Ἀρίσστωνος
1274 1723 1391 1770 nomen
1413 1704 1459 1771 ita

331 1798 495 1882 scriptum.
539 1796 631 1862 huius
654 1797 749 1879 igitur
776 1796 904 1879 generis
932 1798 1090 1863 nonnulla
1118 1800 1266 1882 exempla
1274 1848 1281 1880 ,
1315 1820 1397 1883 quae
1425 1803 1458 1867 in

331 1894 592 1978 inscriptionibus
614 1894 728 1959 Atticis
750 1895 977 1960 vetustioribus
1000 1901 1145 1976 exstant,
1169 1897 1248 1962 satis
1270 1898 1367 1963 habui
1390 1899 1459 1966 bre-

332 1993 414 2059 viter
437 1992 635 2057 adscribere:
660 1987 802 2071 ἅρισστα
824 1995 853 2071 9,
877 2003 916 2056 20.
953 1990 1147 2071 Αἰσσχύλου
1171 1997 1242 2075 398,
1266 2007 1289 2058 3.
1317 1989 1458 2060 Ἀσστυ-

332 2087 479 2173 παλαιῆς
502 2092 574 2171 233,
597 2101 636 2154 28.
669 2086 890 2173 Ἠφαισστιῆς
914 2091 985 2170 233,
1004 2101 1039 2151 8⁰.
1074 2087 1129 2166 ἒσς
1155 2090 1292 2156 Τένεδον
1317 2096 1389 2175 233,
1405 2101 1457 2160 20⁰.

332 2198 383 2251 21⁰.
412 2182 552 2270 ἔσστήλῃ
579 2190 648 2268 103,
665 2199 689 2251 2.
722 2184 1076 2267 reconsecretur.
1100 2220 1138 2232 -
1163 2188 1273 2253 horum
1297 2191 1458 2274 exemplo·

331 2305 400 2349 rum
424 2283 560 2367 primum
583 2304 648 2348 non
672 2284 779 2366 magni
802 2283 983 2349 laciendum
1005 2290 1062 2365 est,
1086 2285 1160 2366 quia
1183 2291 1287 2352 exstat
1310 2287 1343 2351 in
1366 2288 1457 2353 titulo

333 2381 582 2464 corruptissimo.
630 2379 815 2457 Τελέσστας
847 2401 912 2445 non
945 2380 987 2447 ad
1018 2382 1158 2465 ipsorum
1187 2384 1361 2449 Atticorum
1393 2405 1458 2451 ser·

333 2498 459 2544 monem
492 2478 652 2561 pertinere
683 2479 818 2559 videtur,
852 2479 928 2561 quia
955 2486 1060 2544 exstat
1087 2480 1120 2545 in
1150 2480 1313 2564 epitaphio
1342 2482 1457 2548 civium

334 2576 580 2655 Cleonaeorum,
611 2577 644 2640 in
667 2595 728 2659 quo
752 2576 816 2641 alia
838 2596 964 2658 quoque
990 2598 1102 2659 parum
1125 2579 1252 2644 Atticae
1274 2580 1459 2661 pronuntia-

333 2675 431 2739 tionis
459 2673 609 2757 exempla
631 2674 787 2740 habemus
815 2680 850 2738 ut
870 2671 1093 2759 Δαμοφάνης,
1122 2673 1349 2757 Λυκοδόρκας.
1395 2681 1457 2743 398

333 2779 383 2837 est
403 2770 514 2836 titulus
537 2769 661 2835 donarii
685 2771 810 2853 privati,
834 2773 886 2855 qui
903 2772 1041 2838 Atticam
1065 2780 1096 2837 et
1112 2774 1253 2840 Ionioam
1277 2774 1458 2842 literaturae

333 2869 447 2933 mirum
470 2868 503 2931 in
526 2867 656 2932 modum
679 2867 795 2933 mixtas
812 2869 951 2935 exhibet.
981 2877 1126 2943 remanet
1140 2871 1244 2953 igitur,
1268 2873 1295 2938 si
1319 2871 1458 2959 ἒσστήλῃ

333 2965 531 3048 scripturam,
549 2966 588 3049 ‚in
611 2983 674 3046 qua
696 2965 782 3046 prior
805 2987 826 3029 σ
847 2968 1088 3033 assimulatione
1108 2969 1288 3050 regressiva
1310 2977 1379 3035 orta
1401 2978 1457 3055 est,

334 3062 520 3146 excipimus,
544 3082 673 3147 prorsus
696 3062 840 3145 integrae
861 3064 1058 3129 auctoritatis
1079 3064 1145 3130 iere
1168 3067 1237 3130 sola
1259 3066 1369 3132 tabula
1386 3072 1457 3150 233,

334 3182 399 3227 una
423 3180 464 3227 ex
487 3160 547 3242 eis,
577 3160 610 3224 in
633 3159 748 3242 quibus
770 3160 907 3242 catalogi
930 3162 1152 3243 sexagesimae
1174 3162 1360 3226 tributorum
1390 3184 1460 3246 per·

334 3259 443 3341 scripti
474 3264 557 3323 sunt.
601 3256 634 3322 in
665 3277 727 3339 qua
749 3276 819 3322 cum
843 3259 904 3322 tria
926 3259 990 3323 sint
1012 3259 1161 3340 exempla
1183 3260 1359 3341 scripturae
1381 3261 1458 3324 alio-

333 3358 410 3439 quin
439 3354 602 3434 insolitae,
637 3355 730 3420 unius
760 3355 921 3438 lapicidae
949 3355 1210 3421 consuetudinem
1239 3356 1292 3421 vel
1320 3376 1459 3439 pronun-

333 3452 438 3519 tiandi
460 3452 512 3517 vel
535 3451 696 3517 scribendi
718 3471 847 3518 oausam
871 3473 978 3519 eorum
1001 3453 1098 3518 fuisse
1120 3460 1264 3537 apparet.

525 3672 590 3738 IV..
625 3673 681 3738 De
704 3693 758 3736 oc.
775 3680 812 3738 et
834 3697 876 3737 rr
901 3674 1010 3740 inter
1031 3693 1073 3740 se
1095 3675 1270 3739 mutatis.

420 3809 509 3874 Inter
537 3807 798 3874 consuetudinem
829 3809 990 3875 scribendi
1019 3810 1226 3876 vetustiorum
1255 3817 1286 3876 et
1308 3812 1460 3878 recentio-

334 3928 403 3972 rum
435 3906 622 3988 scriptorum
646 3905 822 3969 Atticorum
850 3906 932 3971 haec
962 3913 1010 3972 est
1039 3907 1254 3991 discrepantia
1282 3908 1334 3973 vel
1364 3909 1461 3973 notis-

335 4005 433 4084 sima,
469 4002 554 4084 quod
583 4002 790 4087 Thucydides
819 4011 850 4069 et
878 4005 990 4085 tragici
1023 4011 1137 4086 poetae
1165 4007 1231 4069 fere
1263 4023 1389 4087 semper
1418 4026 1461 4068 σσ

335 4102 445 4168 literas
469 4101 648 4183 geminatas
669 4103 714 4165 ita
735 4102 887 4182 scribunt,
911 4101 1143 4185 Aristophanes
1163 4108 1269 4166 autem
1292 4107 1325 4166 et
1347 4122 1461 4184 prosae

336 4198 491 4264 orationis
526 4198 695 4281 scriptores
731 4198 915 4280 posterioris
947 4198 1064 4263 aetatis
1091 4221 1139 4264 ττ.
1189 4196 1273 4279 quod
1302 4198 1460 4280 quomodo

334 4294 564 4380 explicandum
587 4302 680 4376 esset,
704 4295 903 4360 iamdudum
927 4295 988 4360 viri
1011 4295 1095 4360 docti
1116 4295 1353 4361 intellexerunt.
1384 4316 1458 4362 nam
