3575 5334
331 699 394 760 436
849 696 938 750 Gauer

331 871 451 955 pluries
488 868 751 950 commemoravi,
787 868 864 933 item
898 874 994 950 atque
1026 863 1203 946 Herzogius
1234 862 1457 947 proficiscitur:

330 964 389 1053 τήν
415 960 504 1030 Ἰάδα
534 967 573 1051 τῇ
604 962 735 1049 παλαιᾷ
760 957 899 1029 Ἀτθίδι
928 962 985 1049 τὴν
1014 956 1115 1045 αὐτήν
1146 983 1271 1044 φαμεν,
1301 980 1387 1043 quae
1413 960 1458 1024 ita

330 1063 553 1146 intellegenda
583 1083 654 1129 esse
682 1068 788 1146 putat,
821 1068 857 1126 ut
885 1061 993 1127 Atthis
1020 1080 1085 1125 non
1114 1065 1279 1139 tamquam
1307 1056 1376 1123 tilia
1403 1056 1458 1123 sed

330 1168 434 1228 mater
456 1161 544 1226 Iadis
565 1160 670 1226 fuerit.
714 1160 866 1226 videlicet
887 1179 960 1225 eum
990 1156 1244 1238 demigratione
1266 1174 1363 1236 quam
1387 1154 1459 1219 dici·

331 1278 402 1324 mus
423 1258 534 1322 Ionica
555 1257 706 1340 cogitare,
729 1277 793 1340 qua
815 1257 966 1340 quoniam
989 1254 1134 1320 coloniae
1151 1252 1264 1318 Ionum
1290 1270 1334 1318 cx
1354 1251 1459 1317 Attica

331 1355 365 1419 in
386 1355 526 1420 Asianas
548 1374 622 1420 oras
644 1353 742 1419 maris
756 1354 879 1436 Aegaei
903 1353 1061 1419 deductae
1082 1356 1165 1428 sunt,
1187 1349 1363 1415 dialectum
1385 1364 1459 1431 quo·

331 1470 393 1533 quc
419 1451 562 1517 ionicam
590 1451 667 1516 inde
697 1450 852 1532 originem
880 1450 1001 1516 hahere
1028 1455 1176 1532 apertum
1204 1454 1265 1513 est.
1308 1446 1398 1512 atsi
1428 1447 1459 1509 in

331 1548 572 1630 comparatione
599 1548 781 1629 linguarum
809 1548 1004 1629 imaginibus
1027 1566 1067 1611 ex
1094 1543 1288 1629 genealogia
1316 1543 1460 1626 repetitis

333 1646 449 1709 utimur
473 1648 581 1725 (quae
597 1644 660 1709 dici
682 1645 793 1726 nequit
816 1663 911 1725 quam
941 1644 1055 1710 dolosa
1084 1642 1229 1709 subsidia
1258 1641 1458 1725 praebeant),

331 1742 393 1805 hoc
414 1741 461 1804 ita
482 1741 589 1806 lacere
604 1742 753 1821 solemus,
777 1748 812 1804 ut
826 1740 938 1806 matris
953 1742 1007 1806 vel
1028 1741 1123 1805 aviae
1144 1757 1260 1804 munus
1284 1741 1313 1804 ei
1329 1738 1459 1821 linguae

331 1837 526 1914 tribuamus,
556 1857 638 1919 quae
666 1858 687 1902 a
713 1836 850 1919 pristino
879 1844 911 1902 et
940 1838 1101 1903 communi
1129 1844 1214 1902 statu
1242 1854 1303 1918 per
1332 1854 1368 1900 se
1390 1834 1459 1917 ipsa

331 1934 463 2017 propius
485 1934 570 1999 absit
591 1954 687 2017 quam
709 1935 804 2000 aliae.
848 1935 958 2017 itaque
980 1953 1174 2016 quamquam
1196 1933 1320 2014 coloni,
1344 1932 1400 2014 qui
1421 1932 1460 1996 ci·

332 2030 448 2097 vitatos
476 2031 604 2097 Ionicae
637 2033 670 2096 in
699 2030 778 2097 Asia
811 2031 890 2096 sitas
926 2031 1153 2112 condiderunt,
1187 2049 1228 2095 en
1256 2029 1366 2094 Attica
1403 2029 1460 2093 orti

332 2135 439 2210 erant,
469 2135 578 2194 tamen
606 2129 778 2195 dialectum
800 2128 944 2193 Ionicam
966 2136 1100 2194 matrem
1122 2126 1248 2192 Atticae
1278 2126 1378 2192 fuisse
1400 2132 1461 2190 sta·

332 2224 486 2290 tuendum
508 2232 568 2307 est,
590 2227 617 2291 si
641 2226 770 2309 quidem
787 2244 822 2291 re
836 2245 916 2291 vera
930 2244 1002 2291 eam
1017 2230 1177 2291 vetustate
1199 2229 1341 2306 superat.
1380 2242 1460 2305 quae

332 2322 465 2404 Bergkii
498 2329 584 2388 certe
618 2323 780 2389 sententia
812 2329 876 2404 est,
914 2342 985 2387 cum
1016 2324 1038 2387 l.
1067 2324 1089 2387 l.
1118 2326 1160 2385 72
1192 2328 1324 2403 pergat:
1362 2320 1460 2397 ,aber

332 2419 489 2485 wahrend
517 2420 571 2485 die
593 2422 645 2486 Ias
675 2420 732 2487 der
760 2420 848 2485 alten
870 2421 970 2486 weise
991 2426 1062 2485 tren
1091 2418 1196 2500 blieb,
1225 2419 1289 2483 lbst
1310 2416 1380 2482 sich
1410 2416 1461 2481 die

332 2516 440 2581 Atthis
463 2516 512 2581 los
535 2516 602 2581 und
623 2518 700 2599 geht
721 2519 814 2584 ihren
837 2518 972 2599 eigenen
989 2520 1092 2598 weg.“
1128 2516 1234 2598 qualis
1256 2515 1338 2581 haec
1359 2520 1461 2580 mater

333 2612 432 2677 fuisse
453 2612 599 2695 putanda
621 2620 685 2696 est,
715 2634 798 2696 quae
821 2614 951 2679 domum
973 2612 1168 2679 servandam
1190 2610 1264 2676 filiis
1286 2612 1459 2693 reliquerit,

332 2708 405 2791 ipse
433 2716 541 2773 autem
564 2730 666 2776 novas
688 2711 862 2777 affinitates
889 2711 1013 2776 inieritl
1056 2730 1168 2775 verum
1196 2710 1265 2775 eius
1294 2707 1384 2772 modi
1407 2707 1460 2772 do

332 2805 473 2869 mesticis
488 2808 713 2873 controversiis
733 2809 794 2875 hoc
810 2812 880 2874 loco
902 2808 984 2873 nihil
1006 2805 1176 2891 proficitur,
1198 2824 1305 2888 neque
1331 2806 1460 2870 omnino

334 2920 390 2967 eas
418 2902 510 2983 attigi
538 2904 617 2983 nisi,
646 2912 682 2969 ut
703 2925 867 2986 caverem,
897 2924 938 2969 ne
960 2906 1093 2986 Bergkii
1121 2903 1284 2970 sententia
1312 2921 1387 2967 cum
1413 2921 1459 2979 ea,

332 3018 428 3080 quam
456 2998 527 3081 ipse
554 3002 735 3083 prolaturus
763 3023 848 3084 sum,
883 3001 1140 3090 contunderetur.
1184 3021 1260 3065 nam
1290 2999 1378 3080 quod
1407 3000 1460 3064 ille

334 3096 375 3161 de
402 3095 585 3163 civitatibus
614 3105 738 3163 tantum
767 3098 885 3164 Ionicis
913 3105 945 3163 et
966 3099 1083 3168 Attica,
1101 3098 1199 3179 dixit,
1228 3096 1267 3164 id,
1288 3096 1392 3161 etiam
1421 3096 1460 3161 de

334 3192 479 3259 dialectis
508 3195 705 3261 verisimile
734 3216 805 3262 esse
836 3196 915 3260 mihi
943 3196 1086 3277 videtur,
1116 3214 1234 3278 nempe
1261 3193 1393 3258 Ionicos
1422 3212 1460 3257 ex

333 3290 456 3371 Attica,
481 3291 585 3372 qualis
608 3292 738 3374 quidem
759 3292 977 3358 vetustissima
999 3298 1106 3358 aetate
1127 3292 1202 3372 fuit,
1227 3298 1315 3357 ortas
1338 3295 1458 3371 esseffll.

333 3405 438 3467 neque
460 3387 545 3451 enim
568 3388 735 3454 Strabonis
757 3389 931 3455 auctoritas
953 3389 1012 3454 tali
1034 3387 1178 3471 opinioni
1201 3388 1317 3472 obstat,
1341 3392 1459 3476 quippe

334 3502 429 3564 quem
458 3484 539 3549 nihil
569 3486 657 3550 aliud
689 3486 871 3569 significare
891 3486 1035 3551 voluisse
1062 3493 1172 3568 putem
1201 3485 1264 3551 nisi
1286 3487 1401 3554 ladem
1431 3494 1460 3553 et

332 3579 499 3660 Atthidem
531 3582 756 3664 antiquissima
786 3590 894 3659 aetate
923 3603 1019 3647 unam
1052 3582 1254 3665 eandemque
1286 3583 1458 3651 dialectum
1491 3584 1497 3597 '

333 3676 488 3760 fnisse²⁸);
511 3697 593 3759 quae
608 3679 708 3744 utrius
723 3698 831 3744 earum
847 3679 982 3745 similior
997 3679 1118 3759 fuisset,
1141 3679 1258 3745 Strabo
1273 3682 1329 3745 vix
1345 3682 1460 3749 certius

402 3875 436 3936 ²⁷)
453 3874 526 3929 hanc
542 3873 704 3932 sententiam
720 3877 860 3932 brevitatis
878 3891 964 3932 causa
975 3877 1016 3931 ita
1026 3876 1127 3931 dictem
1143 3893 1203 3933 esse
1215 3878 1290 3934 infra
1307 3883 1460 3952 apparebit,

335 3954 384 4007 ubi
400 3968 433 4007 ea
450 3956 620 4010 accuratiore
638 3955 826 4025 disquisitione
843 3957 1012 4025 aliquantum
1028 3957 1187 4012 mutabitur.

404 4034 437 4099 28)
461 4033 486 4088 si
502 4035 562 4103 quis
579 4035 686 4103 singula
703 4038 798 4105 verba,
818 4053 887 4105 quae
905 4036 978 4105 apud
996 4035 1157 4091 Strabonem
1174 4038 1277 4093 tradita
1295 4045 1374 4109 sunt,
1398 4056 1459 4111 pre·

335 4126 408 4167 mere
424 4114 508 4178 volet,
531 4115 555 4167 is
582 4115 730 4169 concedere
751 4117 859 4171 debebit
882 4130 915 4171 ea
932 4131 1008 4171 meae
1025 4117 1176 4172 sententiae
1192 4118 1285 4187 potius
1302 4119 1458 4175 adiumento

336 4205 396 4245 csse
418 4208 499 4261 qnam
520 4195 605 4249 alteri.
641 4209 704 4247 nam
732 4211 787 4250 non
809 4196 876 4250 dicit
897 4196 1034 4251 Atthidem
1058 4196 1208 4264 antiquitus
1233 4198 1350 4254 eandem
1376 4200 1458 4255 fuisse

337 4274 418 4337 atque
439 4270 543 4339 Isdem,
570 4273 617 4328 sed
640 4273 731 4328 ladem
758 4276 869 4331 eandem
893 4282 975 4345 atque
999 4280 1134 4332 vetustam
1155 4278 1306 4335 Atthidem.
1341 4286 1459 4337 ceterum
