3575 5334
397 711 430 767 de
447 711 600 766 nominibus
618 710 778 766 suffixorum
795 718 852 765 ent·
870 717 897 766 et
914 712 999 765 mino·
1016 726 1068 779 ope
1084 711 1216 767 formatis.
1311 709 1373 772 345

249 884 339 961 (ibid.
363 884 422 965 IV,
452 905 483 966 p.
507 887 581 958 205)
612 884 785 967 exemplis,
815 904 898 966 quae
924 905 941 950 0
963 885 1076 967 lingua
1097 892 1225 952 vetusta
1249 887 1373 952 boreali

248 985 367 1064 attulit,
389 987 424 1047 ut
440 982 565 1047 duabus
587 983 705 1064 linguis
726 983 811 1048 inter
832 1003 867 1048 se
889 984 1157 1049 concordantibus
1181 983 1269 1049 dubii
1291 985 1372 1049 nibil

247 1101 321 1148 esse
341 1080 488 1147 relictum
503 1098 563 1162 ego
579 1080 708 1162 quidem
730 1081 919 1147 existimem.
957 1081 1064 1145 Aliam
1081 1081 1200 1146 indidit
1215 1083 1372 1147 vocabulo

247 1180 313 1243 vim
336 1180 403 1243 Leo
425 1178 537 1261 Meyer
558 1178 627 1249 (KZ
651 1178 688 1254 V,
705 1182 795 1259 381),
819 1178 910 1261 cujus
932 1180 1153 1244 auctoritatem
1176 1186 1301 1245 secutus
1325 1188 1373 1245 est

248 1276 402 1343 Aulrecht
429 1275 519 1352 (ibid.
543 1274 639 1355 VIII,
663 1279 732 1357 71),
763 1284 848 1337 10111-
881 1278 983 1340 ortum
1013 1296 1085 1342 esse
1115 1296 1155 1341 ex
1182 1274 1373 1342 *1100111011-

248 1376 406 1457 spicatus,
436 1372 521 1454 quod
546 1391 618 1437 cum
647 1372 849 1438 scandali
876 1380 993 1456 (praes.
1017 1374 1158 1458 Islnjcti
1183 1373 1310 1453 [deleth
1340 1383 1372 1441 et

248 1492 319 1537 curn
343 1490 448 1553 graec.
472 1492 498 1535 1.
521 1493 598 1533 acar
628 1477 687 1552 tpr.
714 1476 841 1544 κτείνω)
871 1471 1009 1552 confert,
1039 1478 1074 1536 ut
1101 1493 1174 1534 soar
1196 1472 1370 1555 significet:

248 1570 377 1645 delens,
407 1567 566 1632 occidens.
611 1567 677 1632 Sed
702 1588 802 1650 >quum
827 1567 984 1633 (lorsseno
1011 1576 1141 1635 auctore
1169 1570 1255 1640 (krit.
1279 1571 1370 1635 beitr.

246 1690 277 1751 p.
294 1672 352 1750 333
376 1666 499 1731 nachtr.
521 1685 554 1747 p,
570 1668 623 1740 71))
647 1664 724 1743 0111)
747 1665 781 1730 in
797 1666 945 1731 vocabuli
966 1667 1022 1732 lat.
1045 1669 1135 1732 initio
1158 1675 1235 1733 ante
1256 1690 1272 1730 s
1294 1667 1372 1733 elidi

246 1787 310 1830 non
333 1765 451 1847 possit,
481 1763 678 1846 etymologia
706 1763 765 1827 illa
786 1764 908 1847 Meyeri
937 1773 986 1831 est
1013 1765 1242 1847 repudianda·
1272 1765 1371 1848 Cujus

246 1861 396 1929 vocabuli
419 1881 499 1944 quas
522 1861 661 1942 origines
683 1861 738 1924 alii
754 1861 930 1944 probarint,
954 1881 996 1926 ne
1011 1864 1130 1929 multus
1148 1863 1218 1945 sim,
1242 1864 1370 1929 silentio

245 1959 509 2045 praetermittam.

335 2057 517 2122 Consentes:
550 2057 617 2121 fere
644 2056 824 2120 adhibitum
852 2062 1016 2138 tamquam
1045 2058 1211 2140 epitheton
1239 2057 1370 2123 deorum

246 2155 465 2239 quorundam,
498 2154 553 2237 qui
585 2152 762 2218 Consentes
794 2153 871 2217 dicti
905 2162 979 2220 sunt
1013 2155 1126 2231 (Varro
1156 2157 1177 2220 1.
1206 2156 1228 2218 l.
1258 2158 1293 2232 8,
1318 2159 1370 2234 38,

245 2258 265 2335 ξ
287 2258 329 2319 70
345 2274 409 2336 sq.;
431 2251 474 2315 id.
498 2274 522 2317 r.
544 2274 569 2315 r.
595 2254 720 2332 1,1,4;
744 2252 992 2332 Α111011.3,4θ).
1033 2256 1081 2318 De
1102 2253 1198 2335 hujus
1219 2253 1370 2318 vocabuli

245 2353 277 2417 vi
301 2352 387 2417 duae
408 2350 469 2416 sibi
485 2349 653 2432 oppositae
674 2355 748 2413 sunt
769 2350 960 2414 sententiae.
996 2352 1165 2427 Alterius⁶l
1188 2357 1300 2415 auctor
1321 2359 1370 2415 est

245 2448 441 2515 Niebuhrius
470 2451 561 2525 (rom.
583 2447 689 2528 gesch.
713 2447 739 2527 Ι,
763 2450 825 2511 428
855 2447 959 2511 denuo
988 2448 1039 2512 ed.
1062 2448 1153 2513 Isler.
1183 2448 1287 2513 Berol.
1316 2469 1369 2531 ap.

244 2546 415 2630 Calvary),
452 2546 505 2627 qui
536 2543 703 2608 Consentes
731 2553 812 2626 part.
845 2544 950 2627 praes.
985 2548 1067 2627 plur.
1096 2546 1187 2611 verbi
1219 2544 1369 2608 *0011111111

245 2645 359 2719 babet,
389 2643 474 2727 quod
497 2644 530 2707 in
553 2642 773 2725 praesentibus
796 2642 924 2724 quidem
947 2645 1144 2726 temporibus
1165 2665 1231 2708 non
1252 2644 1370 2725 reperi-

244 2749 309 2820 tur,
339 2741 397 2807 sed
418 2741 509 2823 cujus
531 2748 707 2822 temporum
731 2759 771 2804 ex
800 2762 823 2804 r.
843 2740 891 2821 sa
918 2742 1124 2805 formatorum
1145 2741 1226 2807 haec
1247 2742 1371 2824 reliqua

243 2846 336 2905 sunt:
371 2838 529 2920 consuerit
562 2837 649 2905 (lael.
682 2839 758 2902 Aur.
792 2838 901 2902 chron.
931 2844 966 2918 4,
998 2844 1026 2918 8,
1059 2842 1136 2916 122,
1168 2840 1370 2922 consutorum

243 2937 351 3002 Plaut.
379 2937 446 3001 mil.
476 2939 513 3015 3,
537 2939 572 3017 3,
597 2938 762 3020 661941),
791 2934 924 3017 confore
952 2937 1024 3001 Ter.
1055 2937 1156 3001 Andr.
1190 2942 1222 3018 1,
1249 2944 1282 3018 1,
1309 2943 1368 3002 141)

243 3037 346 3117 (167);
381 3034 503 3117 Symm.
533 3053 583 3116 ep.
615 3036 650 3113 4,
685 3037 735 3098 68.
795 3031 960 3096 Consentes
995 3034 1092 3115 igitur
1128 3033 1180 3099 dei
1212 3035 1368 3099 nominati

244 3139 334 3212 sunt,
358 3131 445 3213 quod
465 3123 532 3196 una
554 3137 642 3209 sunt,
664 3130 707 3195 ad
729 3130 896 3195 consilium
919 3136 1044 3195 coeunt.
1067 3167 1109 3177 —
1131 3131 1275 3195 Alteram
1297 3151 1369 3195 sen-

243 3230 378 3295 tentiam
407 3229 540 3312 protulit
568 3227 743 3293 (lorssenus
772 3229 857 3306 (krit.
886 3228 1010 3292 nacbtr.
1039 3248 1070 3309 p.
1093 3230 1177 3301 281).
1220 3228 1253 3291 Is
1282 3229 1367 3291 enim

242 3336 404 3390 concentor
440 3328 521 3409 plur.
559 3326 666 3409 stirpIs
699 3325 806 3388 *scroti
841 3325 895 3402 (ad
931 3346 1027 3408 quarn
1061 3326 1200 3408 pertinet
1233 3326 1366 3389 verbum

241 3426 386 3502 senti-re)
401 3445 487 3490 nom.
501 3424 603 3488 forma
625 3422 735 3504 *sens
759 3443 893 3505 quacum
910 3424 1085 3490 0011101101.
1102 3424 1192 3506 porti
1212 3422 1367 3487 nominat.

237 3541 332 3604 pars,
368 3528 404 3586 nt
431 3532 590 3584 consentes
619 3522 714 3587 simili
745 3521 840 3586 modo
869 3542 908 3586 ao
937 3522 1134 3597 concord-cs,
1169 3530 1365 3604 com-potua

242 3628 418 3703 ca-pcrt-es
432 3619 603 3683 lormatum
618 3620 675 3698 sit;
694 3618 958 3700 significationem
975 3640 1062 3685 esse:
1085 3619 1138 3701 qui
1154 3619 1366 3700 consentiunt,

242 3716 454 3797 concordant,
479 3722 604 3795 censet,
633 3736 696 3797 qua
717 3737 753 3781 re
775 3736 858 3797 quae
880 3725 1006 3784 veteres
1028 3717 1228 3800 grammatici
1250 3716 1291 3781 de
1313 3736 1367 3780 vo-

242 3814 348 3879 cabuli
380 3814 511 3879 notione
543 3819 794 3880 annotaverunt:
827 3824 1002 3879 consentes:
1043 3815 1280 3880 consentientes
1313 3815 1365 3879 vel

241 3912 464 3990 consulentes,
498 3913 650 3995 probetur
680 3912 731 3989 (cl.
760 3912 880 3977 Arnob.
910 3918 946 3994 3,
981 3934 1013 3995 p.
1046 3916 1120 3976 123:
1153 3913 1234 3989 ,hos
1263 3912 1366 3987 (deos)

242 4007 420 4075 Consentes
443 4017 476 4075 et
497 4009 677 4093 OompIIces
699 4010 823 4074 Etrusci
851 4009 945 4092 ajunt
967 4057 1025 4074 ...
1048 4011 1163 4075 summi
1185 4010 1271 4074 Iovis
1293 4029 1366 4070 con-

241 4107 381 4169 siliarios
409 4127 449 4173 ac
476 4108 638 4191 principes
665 4107 840 4173 existimari
849 4110 884 4183 “l.
935 4107 1025 4185 Quae
1053 4108 1081 4173 01
1108 4108 1155 4172 ita
1179 4113 1272 4187 sunt,
1306 4107 1368 4172 hoc

309 4310 330 4375 6)
349 4324 366 4364 a
384 4308 512 4364 Olemmio
531 4309 662 4377 probatae
679 4309 708 4364 in
725 4309 796 4364 stud.
814 4308 863 4375 III,
882 4312 938 4362 332.
