3575 5334
721 681 753 733 de
772 679 853 748 alpha
870 678 1009 731 intensive.
1387 659 1426 738 13

311 876 334 937 r.
358 855 419 917 432
443 853 519 917 adn.
565 853 643 916 Cum
677 860 783 915 autern
816 852 965 914 Latinum
999 851 1030 910 io
1060 859 1091 915 et
1119 848 1342 917 Germanicum
1373 874 1427 914 un-

312 952 401 1016 atiam
424 957 501 1016 ante
524 970 681 1016 consonas
702 956 864 1027 maneant,
889 949 922 1012 in
943 948 1046 1014 Aricis
1068 955 1180 1013 eontra
1203 956 1234 1014 et
1255 950 1288 1014 in
1304 953 1428 1017 Graeca

315 1050 415 1130 ingua
429 1048 553 1113 nasalis
567 1067 708 1112 consona
724 1065 917 1111 evanescere
932 1045 1042 1128 possit,
1065 1045 1086 1110 J
1088 1065 1210 1112 oannes
1223 1046 1427 1125 Schmidtius,

312 1144 345 1212 le
360 1153 489 1227 cognat.
504 1146 582 1227 ling.
598 1145 779 1226 lndogerm.
796 1164 826 1226 p.
844 1147 881 1205 21
908 1162 978 1206 cum
1001 1141 1078 1206 inde
1100 1150 1166 1207 tum
1182 1163 1223 1209 ex
1244 1145 1316 1210 aliis
1337 1166 1428 1229 argu·

312 1243 421 1308 nentis
444 1244 574 1324 collegit
596 1243 711 1307 artiore
738 1240 939 1323 cognationis
960 1240 1089 1305 vinculo
1112 1242 1171 1306 has
1194 1242 1321 1325 linguas
1345 1244 1429 1310 inter

312 1360 338 1405 re
368 1340 535 1406 contineri.
582 1338 646 1404 Sed
675 1346 786 1403 contra
820 1358 891 1402 eum
922 1337 1069 1415 Fickius,
1104 1338 1145 1404 de
1173 1340 1262 1421 prist.
1291 1340 1429 1424 linguar.

312 1439 424 1521 Europ.
462 1440 540 1501 unit.
580 1459 610 1521 p.
637 1442 692 1500 141
733 1436 960 1501 animadvertit
1005 1456 1025 1497 a
1062 1435 1094 1499 in
1135 1436 1277 1519 utrisque
1311 1439 1431 1521 linguis

312 1542 377 1600 rost
401 1535 574 1600 discessum
599 1535 724 1600 demum
753 1534 949 1615 singulorum
977 1534 1166 1616 populcmm
1188 1542 1335 1618 coeptum
1359 1556 1430 1601 esse

312 1632 393 1696 uidi.
441 1632 535 1697 Certe
556 1632 685 1715 quidem
707 1632 792 1697 idem
815 1628 944 1695 fortuito
967 1630 1053 1695 etin
1079 1624 1203 1696 Graeca
1231 1632 1341 1715 lingna
1363 1635 1430 1698 fieri

312 1730 410 1795 ›otuit
442 1736 473 1794 et
502 1730 534 1793 in
567 1729 747 1809 Sanscrita,
780 1747 971 1811 quamquam
1002 1728 1254 1810 obliviscendum
1288 1750 1351 1795 non
1381 1739 1429 1797 est

312 1827 403 1891 >tiam
426 1827 528 1891 multa
550 1827 615 1892 alia
637 1827 687 1891 his
710 1827 827 1908 linguis
850 1845 921 1891 csse
943 1825 1132 1890 communia.

390 1924 570 1989 Praefixum
594 1925 777 2005 negativum
799 1935 957 2004 nusquam
980 1943 1089 2006 perse
1110 1926 1247 2006 positum
1270 1925 1431 1990 invenitur

312 2026 396 2084 >xtra
412 2022 685 2104 compositionem.
716 2022 821 2099 Quare
843 2022 957 2084 mirum
973 2019 1143 2100 videretur,
1166 2022 1192 2085 si
1209 2042 1319 2086 verum
1335 2034 1430 2103 esset,

312 2118 390 2200 quod
407 2120 571 2185 nonnullis
586 2121 662 2184 viris
680 2120 781 2184 doctis
799 2118 935 2201 placuit,
958 2118 1059 2201 alpha
1074 2119 1266 2199 privativum
1282 2120 1323 2184 ab
1339 2121 1431 2184 initio

312 2215 386 2279 rolvi
414 2216 557 2298 potuisse
586 2217 770 2299 pedisequis
794 2215 979 2279 nominibus
1000 2216 1052 2280 vel
1082 2216 1274 2298 potiusnon
1302 2238 1431 2299 prorsus

312 2331 374 2376 cum
390 2311 431 2376 iis
447 2314 613 2380 coaluisse.
649 2315 716 2378 lloo
731 2332 889 2396 apparere
904 2314 1014 2377 volunt
1031 2333 1070 2378 ex
1088 2314 1202 2378 Aesoh.
1219 2314 1306 2379 Pers.
1321 2335 1352 2378 v.
1372 2319 1430 2379 163

345 2408 454 2473 ταῦτά
477 2436 536 2491 μοι
559 2411 663 2497 διπλῆ
685 2408 821 2495 με’ριμν’
846 2407 1022 2495 ἄφραστός
1045 2408 1136 2476 ἐστιν
1160 2409 1196 2476 ἐν
1219 2416 1332 2496 φρεσί.

392 2507 475 2573 Huic
501 2512 621 2590 versui,
651 2511 705 2590 qui
733 2510 802 2573 sine
831 2509 976 2589 legitima
1004 2528 1136 2574 caesura
1164 2508 1248 2575 male
1277 2510 1430 2593 procedit,

312 2604 468 2670 Porsonns
489 2606 530 2669 ad
554 2608 628 2670 Eur.
650 2607 728 2670 Heo.
751 2628 782 2688 p.
805 2606 912 2670 XLlV
933 2606 1161 2670 vocabulorum
1183 2608 1432 2689 transpositione

312 2701 429 2767 mederi
445 2704 580 2768 studuit:
596 2701 732 2786 prs'qqrv’
751 2700 926 2787 ἄφραστός
941 2701 1032 2767 ἐστιν
1049 2700 1085 2767 ἐν
1101 2704 1205 2787 φρεσὶ
1221 2702 1334 2789 διπλῆ,
1348 2706 1432 2786 quod

312 2806 380 2880 post
403 2800 442 2863 G.
460 2800 687 2879 Hermannum‚
712 2802 803 2865 elem.
821 2800 919 2864 doctr.
942 2806 1034 2865 metr.
1057 2822 1088 2883 p.
1106 2802 1146 2865 82
1163 2800 1352 2867 Welekerus
1370 2802 1433 2867 dis-

312 2896 418 2977 suasit,
443 2897 544 2961 addit.
567 2897 610 2962 ad
632 2898 749 2961 librum
772 2898 812 2961 de
833 2896 897 2961 tril.
921 2898 974 2963 Gr.
998 2898 1209 2981 conscriptum
1232 2920 1263 2981 p.
1281 2904 1341 2965 81..
1368 2900 1431 2965 Alii

312 3000 438 3070 contra,
469 3003 503 3058 ut
531 2995 683 3059 traditum
711 2996 940 3059 vocabulorum
966 2995 1110 3061 ordinem
1134 2994 1359 3077 defenderent,
1390 2998 1432 3062 ad

312 3088 408 3171 Soph.
433 3091 514 3155 Phil.
537 3113 567 3155 v.
593 3097 673 3157 1402
696 3092 907 3174 confugerunt

351 3193 392 3251 N.
420 3186 453 3252 εἰ
476 3188 580 3266 δοκεῖ,
605 3194 797 3271 στείχωμεν.
834 3195 874 3253 Φ.
905 3179 931 3251 ὦ
954 3200 1106 3272 γενναῖον
1131 3186 1274 3273 εἰρηκώς
1297 3186 1389 3263 ἔπος.

312 3284 375 3351 Sed
404 3286 440 3349 in
467 3287 528 3350 hoc
555 3306 649 3351 versu
676 3288 815 3366 usitatae
843 3306 996 3351 caesurae
1018 3286 1251 3367 neglectioncm
1274 3285 1315 3349 ab
1338 3285 1433 3350 inter-

312 3384 483 3463 punctione
505 3385 742 3449 excusationem
769 3385 889 3449 habere
913 3383 950 3448 G.
975 3384 1176 3449 Hermannus
1197 3383 1224 3445 l.
1243 3383 1264 3445 l.
1288 3385 1325 3445 37
1348 3391 1433 3447 recte

313 3482 484 3564 perspexit,
508 3501 579 3546 cum
594 3481 803 3563 Westphalio,
829 3481 868 3546 de
891 3502 926 3546 re
947 3490 1037 3547 metr.
1054 3486 1138 3564 poet.
1155 3479 1209 3544 Gr.
1225 3480 1278 3543 112
1294 3484 1354 3544 453
1379 3481 1434 3544 ob·

312 3596 458 3643 servasse
481 3578 616 3643 sufficiat
637 3579 669 3642 in
692 3585 825 3661 utroque
848 3598 944 3643 versu
965 3597 1128 3643 caesuram
1152 3596 1223 3642 esse
1245 3579 1433 3659 neglectam.

313 3672 477 3755 Christius,
495 3675 535 3740 dc
551 3695 584 3740 re
599 3683 688 3740 metr.
704 3682 789 3757 poet.
806 3677 859 3742 Gr.
874 3684 905 3741 et
916 3676 986 3739 Lat.
1000 3697 1030 3759 p.
1043 3678 1100 3740 321
1128 3675 1270 3740 Porsono
1285 3676 1432 3740 assentiri

313 3772 447 3852 videtur,
471 3778 671 3837 tetrametros
686 3773 759 3838 illos
775 3780 939 3855 corruptos
961 3793 1031 3838 esse
1054 3773 1230 3854 suspicans.
1261 3771 1321 3849 Qui
1337 3775 1434 3838 talem

313 3869 526 3951 conjecturam
550 3891 613 3933 non
636 3880 852 3951 sequerentur,
883 3871 921 3935 iis
943 3870 1024 3934 nihil
1047 3869 1136 3935 aliud
1157 3869 1313 3950 reliquum
1338 3871 1436 3935 tuisse

315 3964 491 4048 intellegis,
521 3987 615 4047 quarn
644 3974 679 4030 ut
706 3968 739 4031 in
768 3987 862 4032 versu
889 3968 946 4031 illo
969 3966 1150 4049 Aeschyleo
1179 3967 1277 4047 alpha
1306 3967 1436 4048 privati-

316 4080 385 4127 vum
407 4069 561 4145 tanquam
584 4085 641 4146 pro
664 4066 711 4129 sui
729 4063 812 4145 juris
834 4065 990 4128 vocabulo
1012 4064 1179 4128 haberent.
1215 4062 1305 4139 Quae
1328 4070 1435 4128 tamen

317 4160 460 4225 Teuffelii
484 4161 656 4242 explicatio
677 4164 748 4246 ipsa
771 4181 894 4243 quoque
916 4169 1003 4225 caret
1024 4160 1258 4244 probabilitate.
1296 4159 1379 4223 Nam
1403 4167 1437 4222 ut

318 4258 496 4321 omittamus
519 4258 551 4320 in
567 4260 709 4341 cognatis
732 4258 850 4339 linguis
865 4258 946 4321 nihil
969 4258 1071 4322 simile
1088 4255 1233 4333 inveniri,
1259 4255 1353 4319 ctiam
1371 4255 1436 4317 alia
