3575 5334
341 675 379 735 18
855 676 956 730 Clemm
1022 707 1024 711 .

338 852 499 931 ornirrpen,
523 846 697 908 bezonhern
727 854 775 910 est
803 846 941 928 aliquem
965 848 1103 911 cantui.
1128 866 1155 911 e.
1178 848 1373 912 carminibus
1396 869 1460 911 ma·

337 945 417 1028 gicis
438 954 557 1028 petere,
580 945 772 1026 irennpnrnre
794 944 948 1023 vertimus
963 944 1139 1017 einnrer'hen,
1163 946 1306 1006 incedere
1328 952 1377 1009 est
1398 945 1459 1006 ein·

336 1043 556 1119 herschree'ten,
576 1041 792 1103 inhorrescere
807 1040 981 1123 respondet
997 1049 1103 1106 nostro
1120 1062 1185 1118 un·,·
1203 1050 1375 1122 entpepen-‚
1398 1063 1459 1103 ern-

334 1150 522 1224 porstorren
540 1146 571 1203 et
586 1138 631 1204 sic
645 1158 739 1221 porro
752 1139 827 1202 alia.
858 1138 1094 1219 Nonnunquam
1110 1137 1249 1202 dubitari
1266 1145 1380 1221 potest,
1398 1160 1459 1221 qua

336 1239 460 1304 ratione
482 1237 615 1301 verbum
630 1235 778 1299 Latinum
801 1255 872 1300 cum
895 1235 1133 1319 praepositione
1155 1236 1366 1318 compositum
1389 1256 1458 1326 sep-

336 1356 405 1401 sum
437 1334 631 1399 intensivum
664 1332 887 1416 assumpserit,
926 1352 1165 1413 nonnumquam
1202 1331 1287 1396 idem
1324 1333 1456 1398 verbum

336 1432 433 1497 variis
461 1430 565 1495 modis
593 1450 631 1495 ec
660 1429 845 1512 pervenisse
873 1429 1013 1494 breviter
1036 1429 1106 1511 jam
1139 1428 1363 1495 iudicavimus.
1407 1431 1458 1495 sie

336 1529 519 1605 inhorrere,
560 1526 777 1589 inhorrescere
813 1525 899 1607 quod
932 1534 1028 1591 antea
1066 1528 1398 1609 commemoravimus,
1432 1528 1458 1592 si

336 1627 490 1691 translate
523 1629 708 1706 usurpatum
737 1623 911 1706 respondet
938 1631 1046 1688 nostro
1078 1624 1262 1699 sehoudern,
1296 1624 1361 1685 sich
1394 1634 1457 1685 ent-

334 1733 451 1801 setzen,
475 1721 603 1804 proprie
618 1720 776 1802 significat
798 1722 906 1798 ,intus
925 1720 1053 1786 horrere
1061 1725 1084 1801 “,
1108 1720 1269 1799 innerlr'ch,
1291 1723 1332 1782 ior
1347 1722 1457 1783 Inner-

335 1829 402 1883 sten
430 1828 593 1881 erstnrren
624 1838 688 1882 non
712 1818 804 1883 aliter
826 1826 923 1899 atque
945 1817 979 1880 in
1006 1825 1072 1882 ant.
1096 1818 1174 1900 ling.
1198 1818 1304 1883 Germ.
1328 1820 1457 1901 enprhen

334 1918 570 1996 ,horrescere“,
605 1914 792 1997 e'nprnentlth
821 1914 1021 1991 ,horridus“.
1067 1914 1113 1979 Oi.
1144 1915 1254 1980 Graifii
1282 1916 1363 1981 thes.
1391 1924 1456 1981 ant

335 2017 413 2098 ling.
437 2014 543 2080 Germ.
566 2012 611 2077 IV
633 2034 664 2096 p.
682 2016 753 2076 300.
797 2012 903 2078 Variis
925 2013 1041 2078 uostris
1063 2012 1169 2077 verbis
1192 2012 1385 2091 er'nbreehen,
1409 2035 1457 2075 er-

336 2112 483 2189 hrechen,
511 2108 702 2172 zerhrechen
724 2108 888 2175 reddimus
910 2110 1059 2174 Latinum
1082 2109 1273 2191 infringere,
1303 2130 1366 2192 quo
1389 2113 1456 2194 quis

336 2216 432 2293 neget
454 2209 526 2292 plus
548 2206 720 2289 significari
742 2226 836 2288 quam
861 2206 999 2289 simplici
1021 2207 1190 2289 frangendi
1213 2207 1337 2273 verbo?
1370 2209 1457 2275 Haec

335 2308 485 2391 exempla
505 2305 601 2370 iacile
623 2304 776 2369 cumulari
804 2311 939 2388 possunt
960 2302 1019 2369 sed
1037 2304 1106 2386 jam
1130 2324 1170 2369 ex
1198 2305 1238 2370 iis
1267 2325 1350 2387 quae
1378 2313 1457 2371 attu-

334 2407 428 2470 limus
450 2403 529 2469 satis
552 2403 664 2484 elucet,
688 2422 759 2466 cum
777 2401 1017 2483 significationis
1040 2401 1226 2467 discrimina
1248 2402 1458 2469 subtilissima

230 2522 234 2529 ·
332 2503 391 2567 illa
412 2500 541 2583 quidem
563 2498 621 2563 sed
642 2499 684 2563 ab
707 2498 798 2563 initio
829 2505 978 2581 prompta
1000 2504 1032 2562 et
1054 2517 1208 2581 expressa
1232 2501 1403 2582 paullatim
1425 2502 1458 2565 iu

333 2597 470 2680 siugulis
496 2596 603 2661 verbis
625 2595 847 2674 evanuissent,
875 2596 1121 2679 praepositionis
1148 2597 1180 2657 in
1208 2596 1300 2677 quasi
1329 2598 1459 2663 residua

333 2696 365 2758 vi
393 2692 554 2758 intensiva
581 2692 746 2756 verbalem
774 2691 940 2757 notionem
967 2694 1079 2775 augeri
1107 2684 1234 2757 solitam
1252 2712 1336 2759 esse
1362 2702 1461 2777 atque

333 2789 530 2875 amplificari.
574 2788 675 2853 Multa
697 2808 774 2854 sane
795 2789 896 2853 verba
917 2789 1049 2871 Latina,
1073 2791 1100 2855 si
1123 2810 1186 2854 nnn
1210 2791 1334 2872 omnia,
1359 2793 1460 2859 etiam

334 2889 426 2953 aliter
459 2886 613 2969 explicari
646 2893 795 2969 possunt,
833 2892 868 2949 ut
901 2887 1041 2954 breviter
1074 2887 1202 2952 Curtius
1231 2888 1390 2953 indicavit
1425 2891 1462 2955 in

334 2990 501 3050 comment.
524 2983 567 3048 ad
588 3002 721 3065 gramm.
743 2986 856 3047 suam2
879 3004 911 3067 p.
930 2987 1000 3049 185.
1038 2985 1121 3049 Nam
1144 2986 1271 3051 etiamsi
1291 2985 1324 3049 iu
1340 2985 1463 3051 Latina

334 3083 445 3165 lingua
466 3084 497 3143 in
523 3079 698 3164 praefixum
721 3080 819 3145 variis
840 3082 1017 3147 rationibus
1038 3081 1081 3146 ad
1110 3082 1306 3147 intensivum
1327 3101 1460 3148 sensum

333 3180 500 3262 pervenire
522 3178 639 3262 potuit,
670 3177 738 3243 veri
761 3184 869 3244 tamen
891 3179 997 3244 simile
1020 3185 1070 3244 est
1091 3180 1192 3245 verba
1213 3180 1271 3242 illa
1292 3186 1391 3245 antea
1409 3182 1463 3245 al-

332 3279 399 3343 lata
414 3278 455 3342 ab
478 3275 715 3359 ingressive
730 3276 861 3339 notione
877 3275 1021 3359 proiecta
1037 3295 1118 3357 esse,
1140 3276 1227 3341 unde
1242 3295 1300 3358 per
1317 3295 1353 3340 se
1367 3285 1461 3359 patet

333 3394 427 3455 quam
464 3373 559 3437 facile
595 3371 684 3437 nasci
722 3373 861 3454 potuerit
901 3372 1104 3456 progressiva
1140 3374 1248 3456 itaque
1282 3373 1456 3440 intensiva.

332 3471 414 3535 Nam
438 3468 593 3552 ingressio
616 3468 651 3532 in
672 3474 790 3533 statum
812 3470 970 3551 aliquem,
999 3471 1068 3536 sive
1091 3471 1195 3536 subito
1218 3469 1252 3534 fit
1274 3471 1344 3536 sive
1367 3473 1459 3554 paul·

331 3569 438 3646 latim,
459 3567 505 3630 ita
527 3566 660 3647 cogitari
682 3572 803 3647 potest,
827 3573 946 3647 utque
969 3566 1039 3648 quis
1063 3567 1180 3632 diutius
1203 3568 1360 3632 actionem
1383 3588 1457 3634 con·

331 3667 434 3731 tinuet
455 3681 580 3746 quoque
601 3662 732 3745 propius
746 3662 790 3727 ad
812 3669 929 3728 statum
945 3663 1087 3745 accedat,
1111 3684 1149 3729 eo
1166 3666 1219 3730 vel
1241 3664 1314 3746 plus
1330 3663 1456 3731 efficere

332 3764 384 3828 vel
416 3760 459 3825 ad
487 3760 633 3825 altiorem
662 3758 757 3825 evehi
789 3759 923 3841 gradum
956 3761 1112 3827 videatur.
1166 3761 1258 3839 Quod
1288 3761 1315 3826 si
1344 3762 1392 3827 ita
1421 3782 1457 3828 se

332 3858 444 3937 habet,
473 3856 506 3920 in
529 3856 635 3923 verbis
663 3856 854 3921 inchoativis
876 3856 925 3923 vis
951 3860 982 3920 in
1007 3858 1254 3941 praepositionis
1282 3879 1353 3923 cum
1385 3860 1455 3942 ejus

330 3954 529 4021 formationis
551 3972 647 4018 sensu
669 3953 813 4035 congruit
838 3953 859 4017 i.
884 3974 911 4019 e.
934 3955 1021 4020 notin
1051 3956 1230 4037 ingressive
1258 3976 1323 4020 non
1351 3958 1454 4021 solum

330 4050 364 4115 in
387 4050 478 4117 verbi
498 4049 599 4132 ipsius
621 4049 722 4113 forma
749 4050 856 4132 posita
878 4056 929 4116 est
950 4052 1009 4117 sed
1031 4052 1126 4117 etiam
1149 4053 1183 4115 in
1205 4053 1452 4134 praepositione,

331 4156 365 4214 ut
392 4148 587 4209 inconeseere
614 4146 742 4230 proprie
764 4147 806 4212 sit
832 4149 974 4224 ,sensim
996 4149 1030 4213 iu
1058 4150 1206 4215 canitiem
1230 4149 1345 4215 deduci
1354 4154 1377 4231 “,
1408 4152 1453 4211 in-

244 4283 248 4292 ·
332 4245 504 4322 ardescere,
527 4245 713 4306 incalescere
735 4244 767 4307 in
790 4244 948 4328 ardorem,
971 4246 1110 4311 calorem
1132 4247 1246 4330 abripi,
1274 4248 1453 4310 illucescere
