3575 5334
405 649 468 712 288
928 656 1015 712 (lauet
1096 625 1099 631 Ι

405 832 505 909 3244,
529 839 630 894 eaor.
654 839 692 891 oo.
716 838 754 893 ao.
784 849 816 909 c,
840 839 878 894 uo.
901 838 941 891 ro.
998 826 1174 907 01331.
1337 866 1379 876 -

451 946 528 990 συν·
554 927 587 992 in
618 926 834 1010 compluribus
857 947 943 994 com·

449 1023 571 1107 positis.
1094 1062 1096 1066 -

653 1156 695 1166 -
998 1121 1044 1185 Ol.
1068 1119 1173 1200 93,1.
1198 1119 1413 1203 ξυνάρχουσιν
1428 1124 1527 1204 138,3.

408 1220 505 1284 leba.
521 1219 551 1284 b.
577 1217 774 1300 συνάρχουσι
788 1220 895 1287 decies
912 1226 943 1287 et
998 1219 1046 1283 Ol.
1068 1216 1121 1297 93,
1143 1219 1173 1283 2.
1336 1257 1378 1269 -

448 1317 557 1382 octies.

409 1416 479 1495 139,
502 1425 526 1478 3.
557 1415 804 1495 σ[υναρχουσιν].
999 1413 1046 1479 Ol.
1068 1411 1120 1493 93,
1143 1413 1175 1479 2.
1335 1451 1379 1460 -

410 1513 526 1593 146,1.
559 1508 782 1591 συνάρχοντες.
998 1510 1045 1574 Ol.
1068 1509 1120 1590 94,
1144 1512 1161 1574 1
1186 1519 1241 1577 aut
1262 1511 1292 1576 2.
1337 1549 1379 1558 -

492 1647 635 1712 incertae
661 1646 778 1713 aetatis
807 1652 881 1711 sunt
912 1643 1091 1728 σύμμικτον
1122 1651 1194 1730 204,
1216 1660 1231 1710 8
1254 1654 1286 1714 et
1308 1669 1391 1728 σνμ-
1413 1652 1485 1731 222,
1506 1661 1527 1711 e.

407 1744 449 1810 de
477 1745 624 1827 catalogo
653 1750 829 1809 ceterorum
859 1746 1079 1828 exemplorum
1108 1745 1163 1810 vix
1193 1766 1273 1829 opus
1299 1752 1348 1811 est
1377 1766 1431 1812 me
1452 1767 1529 1813 com-

406 1860 584 1907 memorare
615 1861 680 1905 non
709 1859 820 1906 omnes
848 1841 935 1906 locos
963 1842 1142 1925 adscriptos
1170 1860 1257 1922 esse,
1291 1842 1407 1924 quibus
1437 1843 1456 1920 ξ
1481 1864 1529 1910 ex·

405 1946 521 2021 staret,
550 1938 608 2005 sed
637 1958 692 2005 eos
714 1944 854 2020 tantum,
883 1940 998 2022 quibus
1026 1938 1106 2005 baec
1129 1939 1286 2022 scriptura
1306 1940 1401 2005 alteri
1423 1949 1479 2007 aut
1499 1942 1529 2005 in

406 2035 521 2103 eodem
549 2037 642 2102 titulo
671 2042 727 2102 aut
755 2036 788 2101 in
816 2036 912 2101 simili
942 2037 1050 2120 aliquo
1073 2037 1126 2102 vel
1149 2042 1257 2102 aetate
1277 2037 1458 2122 propinquo
1481 2058 1530 2105 en·

406 2134 504 2200 stanti
532 2133 750 2218 responderet.
795 2152 813 2198 e
842 2139 912 2198 tota
938 2140 1046 2200 autem
1074 2133 1185 2199 tabula
1210 2132 1306 2198 facile
1326 2136 1529 2219 intellegitur,

404 2252 502 2313 quam
534 2239 664 2298 tenaces
697 2229 880 2297 vetustioris
907 2229 1029 2296 formae
1061 2229 1222 2314 lapicidae
1256 2231 1377 2314 publici
1407 2232 1529 2299 luerint.

406 2349 482 2393 nam
515 2348 586 2394 cum
620 2329 767 2393 nonnulli
799 2328 864 2393 iam
901 2327 1020 2392 dudum
1051 2328 1233 2411 coepissent
1261 2350 1281 2392 σ
1310 2329 1467 2411 scribere,
1499 2330 1529 2394 in

406 2426 582 2492 rationibus
604 2432 807 2509 quaestorum
831 2426 996 2491 Minervae
1024 2446 1089 2491 non
1111 2433 1187 2491 ante
1208 2423 1259 2492 01.
1281 2428 1332 2509 92,
1357 2429 1387 2507 3,
1418 2426 1452 2492 in
1474 2434 1531 2492 tra·

406 2521 581 2589 ditionibus
610 2522 783 2588 eorundem
812 2527 1017 2605 quaestorum
1046 2543 1112 2588 non
1140 2530 1217 2589 ante
1247 2521 1297 2589 Ol.
1320 2525 1379 2602 93,
1403 2526 1422 2586 2
1456 2524 1531 2590 haec

406 2620 540 2685 mutatio
569 2621 655 2685 lacta
683 2626 742 2685 est.
788 2619 907 2687 deinde
929 2621 1016 2687 etin
1038 2620 1089 2686 his
1112 2627 1144 2687 et
1163 2620 1198 2686 in
1220 2620 1334 2686 ceteris
1356 2620 1531 2705 inscriptio-

406 2718 501 2783 nibus
534 2716 689 2782 recentior
721 2717 878 2800 scriptura
911 2718 1103 2801 pervolgata
1134 2718 1202 2782 luit.
1253 2736 1417 2801 perpauca
1450 2724 1530 2785 certe

405 2822 481 2881 sunt
503 2814 669 2897 exempla,
699 2833 782 2895 quae
804 2815 948 2897 obstent,
978 2834 1061 2896 quae
1082 2833 1103 2879 a
1124 2814 1325 2881 Weckleinio
1347 2814 1369 2878 l.
1393 2815 1415 2881 l.
1443 2816 1531 2883 colle·

404 2918 458 2979 cta
479 2918 563 2978 sunt.

492 3132 546 3196 VI.
585 3132 640 3195 De
663 3129 977 3196 assimulatione
999 3130 1212 3195 literarum
1234 3131 1449 3199 nasalium.

491 3267 739 3347 Nonnumquam
767 3264 801 3329 in
830 3264 1090 3348 inscriptionibus
1116 3265 1248 3331 Graecis
1277 3267 1421 3332 omnium
1450 3273 1531 3335 aeta·

405 3371 472 3429 tum
495 3388 512 3427 ν
534 3363 661 3428 literam
684 3368 847 3428 exaratam
870 3362 1057 3444 reperimus,
1081 3362 1134 3426 ubi
1151 3382 1169 3427 e
1185 3363 1345 3427 communi
1368 3372 1530 3432 eonsuetu-
1570 3442 1572 3449 Ι

406 3461 482 3526 dine
505 3467 536 3526 et
558 3460 771 3543 lapicidarum
793 3467 825 3526 et
851 3459 1051 3524 librariorum
1073 3483 1098 3541 μ
1120 3467 1175 3525 aut
1196 3481 1217 3542 y
1237 3458 1332 3525 scribi
1355 3464 1530 3546 oportebat.

403 3558 494 3624 cuius
524 3556 569 3622 rei
598 3557 632 3620 in
660 3557 762 3622 titulis
784 3556 899 3622 Atticis
920 3556 1147 3622 vetustioribus
1168 3555 1248 3623 baec
1270 3566 1345 3623 sunt
1367 3562 1528 3645 exempla:

495 3659 522 3718 1.
552 3653 592 3718 in
615 3655 878 3720 commissura
900 3654 1189 3719 vocabulorum
1205 3655 1529 3739 compositorum:

400 3746 631 3835 Ἑκατονπέδῳ
663 3757 732 3830 156,
756 3765 780 3817 5.
819 3754 878 3815 159
888 3752 918 3832 b,
941 3764 965 3815 5.
1004 3750 1161 3835 i'quuqoos
1190 3756 1261 3830 446,
1284 3764 1324 3817 34.
1363 3750 1530 3828 ἕνκαυταῑς

391 3852 511 3930 bala,
535 3860 574 3912 22.
604 3860 643 3914 49.
677 3869 710 3929 e,
736 3862 773 3911 12.
803 3861 843 3912 21.
888 3844 1031 3913 lorcam
1056 3852 1151 3931 3243,
1179 3860 1215 3913 13.
1259 3849 1529 3931 ξυνβονλευσοντ·

404 3950 457 4028 87,
480 3959 504 4012 4.
542 3946 710 4026 ξυνμάχων
733 3949 762 4027 9,
786 3958 824 4008 22.
849 3957 887 4009 23.
926 3943 1103 4027 ξννμαχὶαν
1126 3957 1165 4010 30.
1183 3946 1413 4032 ’σννγραφέων
1437 3952 1487 4031 58,
1507 3960 1527 4010 3.

404 4043 624 4127 συνλ[ογέας1]
649 4047 698 4126 66,
721 4055 745 4106 3.
783 4046 990 4126 Σννῳέρμιος
1013 4047 1085 4124 433,
1108 4056 1147 4108 46.

475 4145 521 4206 ’2.
571 4143 681 4210 intra
717 4141 906 4223 singulas
943 4140 1114 4223 stirpes:
1162 4132 1329 4204 Ἀνκυλεεῖ
1362 4143 1465 4223 laos,
1494 4154 1526 4203 23.

404 4229 597 4321 &apostema
620 4241 691 4318 473,
707 4249 732 4301 2.
759 4229 1011 4320 Ἀρισνάνγελος
1033 4241 1106 4319 434,
1128 4248 1168 4302 26.
1201 4237 1380 4321 Βρννχειῆς
1403 4241 1526 4319 231,12.
