3575 5334
533 723 536 729 ·
651 712 684 767 de
701 712 816 769 dialecto
835 714 927 769 Attica
944 715 1098 771 vetustiore.
1133 718 1154 771 1.
1401 719 1462 779 277
1527 744 1529 747 ’

335 882 460 956 iamin
475 880 647 962 Μούνιχος
669 885 908 967 pronuntiatam
931 907 1003 953 esse
1024 887 1118 954 docet
1140 889 1381 970 Abrensius,
1404 893 1461 957 Rb.

335 980 417 1045 Mus.
440 978 553 1061 XVII,
576 984 637 1045 362
653 1001 711 1063 sq.‚
740 982 795 1062 qui
822 983 888 1048 alia
916 992 1084 1066 praeterea
1111 987 1261 1068 exempla
1288 988 1462 1054 earundem

335 1076 598 1142 terminationum
621 1100 714 1158 -υχος
737 1085 769 1144 ct
790 1101 877 1159 -ιχος
899 1081 982 1147 inter
1004 1102 1039 1148 se
1061 1089 1252 1147 mutaturum
1274 1085 1376 1149 affert.

769 1448 937 1525 CAPUT
963 1452 1035 1528 III.

668 1618 728 1683 Du
758 1617 1130 1688 CONSONANTIBUS.

420 1769 472 1833 De
494 1761 613 1834 natura*
630 1769 826 1852 singularum
849 1775 1094 1839 consonantium
1110 1782 1142 1840 et
1160 1773 1200 1839 de
1222 1775 1461 1859 mutationibus,

333 1886 418 1949 quae
446 1865 481 1930 in
507 1866 554 1932 eis
575 1864 670 1948 liunt,
700 1869 858 1934 nonnulla
879 1870 913 1934 in
935 1871 1073 1936 dialecto
1096 1870 1204 1936 Attica
1231 1879 1359 1939 exstant
1384 1872 1461 1939 satis

333 1965 446 2047 digna,
469 1982 552 2045 quae
572 1973 868 2031 commemorentur.
898 1968 1122 2050 sedquoniam
1140 1968 1249 2034 omnia
1270 1989 1334 2034 non
1357 1970 1461 2034 solum

333 2062 503 2128 notissima
531 2059 689 2127 suntsed
718 2062 814 2127 etiam
843 2062 952 2128 facilia
973 2066 1165 2148 explicatu,‚
1179 2064 1258 2129 nihil
1288 2066 1376 2129 aliud
1399 2068 1460 2132 nisi

333 2159 495 2242 exempla,
522 2176 605 2239 quae
627 2160 660 2223 in
682 2159 942 2243 inscriptionibus
962 2161 1082 2245 insunt,
1105 2180 1200 2243 quam
1222 2161 1311 2245 potui
1333 2181 1461 2228 accura-

333 2256 457 2322 tissime
479 2256 594 2340 collegi
625 2262 671 2338 et,
702 2256 730 2320 si
758 2255 834 2337 quid
857 2256 985 2323 deuna
1013 2259 1157 2325 alterave
1185 2278 1219 2324 re
1242 2258 1459 2342 quaerendum

332 2353 393 2419 viri
417 2352 503 2417 docti
524 2353 731 2435 reliquerunt,
755 2354 815 2419 hoo
836 2354 975 2489 brcr'itcr
997 2356 1142 2421 tractavi.

332 2599 357 2664 Ι.
402 2600 460 2664 De
482 2598 631 2682 spiritu
654 2606 691 2664 et
713 2598 760 2664 de
782 2598 1038 2681 aspiratione
1060 2601 1372 2667 consonantium
1394 2620 1461 2668 ex·
1513 2605 1515 2608 ’

767 2696 1030 2778 plosivarum.

417 2830 516 2895 Attici
543 2831 647 2912 magis
674 2849 769 2913 quam
799 2823 896 2897 ceteri
918 2832 1033 2898 Graeci
1061 2833 1190 2916 spiritus
1217 2833 1324 2917 asperi
1351 2834 1459 2917 cupidi

331 2935 425 2994 erant
453 2932 486 2993 et
518 2928 684 2993 vocalibus
717 2926 915 3011 praeligendi
947 2937 979 2995 et
1007 2930 1256 2995 consonantibus
1284 2931 1460 3013 explosivis

332 3024 559 3107 subiungendi.
608 3025 698 3091 cuius
729 3026 775 3092 rei
809 3047 874 3091 non
907 3046 1010 3109 pauca
1040 3032 1115 3091 snut
1148 3045 1250 3108 eaque
1282 3027 1460 3093 certissima

331 3130 477 3189 veterum
505 3124 783 3203 grammaticorum
811 3124 1003 3189 testimonia.
1047 3129 1155 3187 tamen
1185 3121 1265 3187 haec
1293 3123 1457 3206 aspiratio,
1547 3168 1549 3170 -

331 3239 429 3302 quam
460 3218 494 3283 in
526 3220 691 3285 nonnullis
719 3221 885 3285 vocabulis
917 3219 1109 3302 reperimus,
1143 3237 1225 3299 quae
1252 3238 1323 3283 eam
1352 3239 1458 3302 neque

330 3316 507 3400 antiquitus
539 3315 710 3383 habuerint
743 3336 847 3399 neque
879 3317 914 3382 in
944 3315 1104 3381 communi
1135 3334 1284 3381 sermone
1316 3316 1457 3382 omnium

331 3415 527 3481 Graecorum
549 3412 706 3493 habeant,
730 3422 883 3479 nontam
906 3414 1012 3478 Attica
1033 3413 1100 3495 luit,
1124 3420 1158 3477 ut
1178 3419 1304 3478 ceterae
1327 3413 1458 3480 dialecti

331 3531 462 3594 prorsus
478 3512 519 3574 ab
535 3529 574 3575 ea
589 3511 807 3577 abhorrerent.
843 3511 999 3576 imovero
1021 3530 1091 3575 cum
1113 3511 1147 3575 in
1169 3510 1316 3576 omnibus
1339 3511 1457 3594 linguis

330 3606 606 3694 lndogermanicis
638 3614 819 3690 postumae,
854 3615 888 3673 ut
920 3608 966 3672 ita
1000 3607 1119 3690 dicam,
1150 3608 1359 3696 aspirationis
1391 3630 1456 3673 non

331 3726 435 3790 pauca
457 3705 607 3789 exempla
628 3711 764 3785 exstent,
787 3711 852 3769 tum
869 3705 1062 3771 Graecorum
1078 3726 1142 3770 non
1164 3704 1265 3770 solum
1283 3704 1456 3770 Athenien-

330 3804 411 3869 sium
441 3800 500 3867 scd
530 3792 625 3867 etiam
648 3808 823 3867 ceterorum
846 3822 949 3867 sermo
972 3803 1111 3867 maxime
1132 3801 1273 3883 volgaris
1302 3821 1456 3883 perquam

331 3895 527 3973 δασυντικὸς
548 3898 616 3963 fuit.
655 3898 696 3965 (lc
718 3918 781 3980 qua
802 3920 837 3965 re
859 3906 1007 3965 accurate
1029 3900 1095 3980 egit
1117 3898 1154 3962 V.
1170 3898 1456 3965 H.'Roscberus
1506 3960 1508 3963 ,

331 3996 574 4083 dissertatione²
603 4015 684 4078 quae
707 3996 889 4062 inscribitur
911 3997 983 4072 „De
1004 3995 1201 4077 aspiratione
1222 3994 1345 4076 volgari
1367 3996 1455 4077 apud

330 4094 504 4174 Graecos“‚
548 4093 649 4175 primo
693 4094 848 4158 volumini
886 4093 1092 4170 „Studiorum
1128 4092 1170 4157 ad
1206 4091 1454 4157 Grammaticam

330 4190 488 4256 Graecam
511 4195 544 4254 et
566 4189 712 4253 Latinam
739 4190 986 4273 pertinentium“
1014 4191 1149 4268 inserta,
1179 4206 1243 4269 qua
1264 4207 1328 4251 non
1350 4188 1453 4253 solum

329 4288 433 4371 ipsius
465 4286 671 4369 aspirationis
706 4295 821 4352 natura
852 4306 889 4352 ac
925 4287 1006 4350 ratio
1038 4285 1199 4352 luculento
1231 4284 1390 4367 explicata
1421 4290 1454 4350 et
