3575 5334
757 690 789 746 de
807 691 889 759 alpha
906 690 1046 744 intensive.
1413 686 1451 748 81

329 862 416 946 quod
439 857 634 944 dissolvitur,
661 861 807 928 denotari
830 880 924 944 posse
946 860 1006 926 sibi
1029 860 1197 943 persuasit
1241 859 1456 935 Doederlinus

329 956 457 1042 ἄμοτον
479 978 552 1024 cum
574 979 638 1025 non
662 959 790 1025 differre
808 965 939 1024 censeat
963 958 1005 1022 ab
1031 957 1192 1049 adjectiso
1214 952 1455 1039 ἀμαιμάκετος,

328 1077 352 1123 a
372 1056 482 1123 radIce
503 1080 550 1138 μα
571 1057 661 1122 verbi
689 1051 803 1140 μέμοα
824 1074 895 1120 cum
918 1056 1018 1137 alpha
1038 1055 1199 1119 intensive
1224 1055 1367 1138 repetiit,
1399 1055 1456 1120 alii

330 1156 374 1221 ab
408 1149 540 1235 ἄμεναι,
573 1153 630 1219 alii
662 1174 683 1219 a
714 1158 828 1236 μένειν
860 1158 896 1216 ut
924 1149 1095 1217 artificiosa
1126 1152 1338 1235 explicatione
1370 1152 1456 1217 Hen-

332 1251 483 1331 niokeus,
512 1251 570 1315 alii
591 1250 658 1315 alia
678 1252 888 1334 protulerunt.
934 1250 1026 1314 Viam
1051 1249 1129 1313 mihi
1150 1256 1345 1315 monstrasse
1366 1248 1456 1314 vide·

329 1356 382 1413 tur
404 1350 455 1413 nt.
479 1349 563 1430 Mag.
588 1352 638 1429 85,
661 1352 680 1414 8
710 1344 779 1411 ἀπὸ
802 1348 861 1411 τοῦ
883 1352 1011 1429 μετρῶ,
1034 1343 1189 1429 ἄμετρον,
1218 1368 1314 1429 quam
1342 1353 1456 1428 postea

327 1447 427 1512 etiam
461 1444 597 1527 Ingressi
630 1452 704 1510 sunt
733 1444 894 1529 Benfeyus
922 1444 943 1507 l.
966 1444 987 1507 l.
1011 1444 1103 1508 1131
1135 1451 1167 1508 et
1194 1444 1394 1509 Duentzerus
1420 1444 1455 1507 in

331 1542 454 1608 Kuhnii
478 1542 556 1607 dian.
579 1542 645 1607 XII
668 1546 708 1607 26
730 1542 827 1608 etad
855 1541 873 1620 ζ
893 1545 944 1607 83.
990 1542 1016 1605 Α
1038 1540 1148 1607 radice
1168 1566 1216 1623 μα
1236 1540 1380 1625 praefixo
1400 1559 1456 1605 ne·
1508 1591 1511 1595 A

330 1640 440 1723 gativo
456 1635 632 1722 ἄ-μο-τος
646 1640 810 1705 derivatur
831 1659 918 1716 „non
934 1638 1118 1705 dimensus“
1140 1639 1356 1716 „immensus“
1376 1638 1455 1716 „im-

329 1735 507 1817 modicus“,
538 1744 572 1802 et
600 1738 735 1803 tortasse
764 1742 936 1819 cognatum
958 1743 1007 1801 est
1028 1736 1177 1801 Latinum
1199 1738 1335 1814 ai-mi-s,
1364 1735 1455 1819 cujus

330 1832 523 1916 significatio
550 1834 663 1900 similis
689 1841 738 1901 est
759 1841 792 1899 et
819 1834 940 1898 vocalis
962 1833 1059 1899 etiam
1087 1834 1191 1915 magis
1212 1835 1254 1899 ab
1282 1833 1413 1916 antiquo
1436 1855 1456 1895 ιι

330 1931 439 1996 aliena
461 1951 556 2013 quam
578 1932 703 1997 illudo.
740 1930 834 1995 llich.
858 1931 953 1996 Breal
976 1932 1009 1995 in
1024 1930 1147 1995 Kuhnii
1170 1930 1248 1996 dian.
1264 1931 1377 1995 XVIII
1393 1934 1456 1995 456

330 2030 438 2091 ον’-τινι
460 2034 492 2094 et
520 2039 616 2110 μεῖον
638 2028 851 2113 comparavit,
881 2026 967 2109 quod
987 2028 1096 2092 nescio
1118 2048 1161 2092 an
1183 2028 1224 2093 ad
1248 2028 1385 2093 eandem
1407 2050 1456 2094 ra·

332 2126 435 2191 dicem
465 2125 665 2191 referendum
696 2126 753 2209 sit;
787 2145 857 2189 cum
888 2126 1011 2191 Graeco
1039 2136 1135 2206 μεῖον
1165 2123 1203 2189 cf.
1233 2132 1375 2190 nostrum
1402 2145 1457 2207 90-

330 2244 450 2286 messem
472 2224 492 2287 i.
515 2244 543 2289 e.
565 2222 679 2307 ltaupp.

419 2361 472 2435 26)
510 2354 671 2437 ἄξενος·

331 2490 558 2575 ἀνεπίμικτος
580 2492 926 2574 (πολύξενος).,1ικ
947 2513 1031 2558 nunc
1054 2493 1180 2576 scripsit
1197 2494 1298 2558 Maur.
1313 2492 1457 2559 Schmid-

330 2591 394 2656 tius
423 2592 564 2672 glossam
587 2591 834 2675 Hesychian'am
869 2609 940 2654 cum
967 2597 1065 2655 antea
1091 2590 1172 2655 illud
1201 2589 1383 2670 πολύξονος
1414 2589 1457 2655 ad

331 2685 471 2768 ἄξονος·
502 2684 729 2774 ἀκοινώνητος
758 2687 939 2770 appositum
966 2687 1069 2753 fuerit.
1114 2686 1266 2753 Ordinem
1288 2688 1458 2753 vocabulo-

330 2807 400 2851 rum
425 2785 587 2849 turbatum
611 2803 682 2850 esse
703 2784 919 2849 Doederlinus
941 2783 1030 2865 vidit,
1054 2784 1249 2851 Schmidtius
1270 2792 1376 2850 autem
1398 2801 1457 2850 suc

326 2884 402 2965 jure
434 2879 617 2961 πολύξενος
653 2881 743 2947 uncis
776 2880 906 2946 inclusit
932 2888 1043 2964 utpote
1071 2883 1348 2965 grammaticorum
1375 2902 1458 2947 com·

329 2987 476 3046 mentum
499 2978 597 3061 alpha
618 2978 812 3043 intensivum
835 2979 1034 3044 sectantium.

419 3114 473 3189 27)
511 3106 757 3195 ἄπένθητος
1323 3195 1326 3199 ι

334 3249 428 3296 nemo
447 3228 518 3309 jam
540 3247 598 3309 pro
619 3228 721 3311 alpha
742 3228 894 3294 intensivi
908 3228 1058 3310 exemplo
1072 3227 1213 3293 habebit.
1244 3227 1327 3292 Nam
1343 3228 1457 3293 Aeseh.

335 3327 392 3408 ng.
417 3328 480 3389 scs

463 3464 530 3536 νῦν,
548 3459 656 3522 ταῦτα
678 3457 778 3523 τλᾶσ’
804 3456 1036 3544 ἀπενθήτῳ
1059 3457 1159 3544 φρενὶ

464 3550 597 3639 λέγοιμ’
622 3549 662 3619 ἄν
685 3550 791 3640 ἄνδρα
813 3554 911 3621 τόνδε
934 3556 1163 3639 βουστάθμιον
1186 3554 1268 3621 κύνα

336 3689 564 3775 conjungenda
586 3697 660 3756 sunt
682 3691 781 3756 verba
796 3687 856 3756 ἀπ.
875 3694 977 3777 φρενὶ
991 3686 1123 3775 λέγοιμ’
1148 3688 1187 3756 ἄν
1211 3699 1241 3758 et
1264 3711 1377 3758 sensus
1396 3697 1459 3757 est:

338 3810 421 3856 nunc
444 3795 653 3872 posteaquam
675 3786 756 3854 haec
778 3789 865 3854 mala
887 3790 1032 3871 toleravi,
1055 3810 1120 3853 non
1136 3788 1273 3854 sollicito
1288 3790 1308 3854 i.
1325 3810 1352 3855 e·
1374 3790 1460 3857 laeto

336 3887 446 3951 animo
475 3883 610 3950 dixerim
640 3892 699 3950 cet.
743 3885 807 3949 Alii
830 3883 955 3951 ἀπενθ.
979 3910 1036 3973 φρ,
1059 3906 1129 3952 cum
1155 3887 1365 3969 partricius
1388 3906 1461 3951 con·

332 3982 474 4067 jungunt
503 3979 560 4047 sed
590 4002 632 4060 ne
659 3983 720 4047 hac
742 3980 870 4065 quidem
900 3984 1025 4049 ratione
1053 3982 1241 4065 significatio
1267 3984 1459 4075 immutatur.

421 4120 475 4196 28)
513 4113 694 4194 ἄπλετος

335 4255 521 4334 Immensum
544 4253 658 4335 ingens
679 4252 766 4337 apud
789 4252 947 4336 pedestris
962 4254 1100 4318 manime
1114 4250 1267 4316 orationis
1289 4250 1461 4330 scriptores

356 4395 359 4401 ,
390 4352 499 4402 Genusus,
513 4352 606 4393 Studien
619 4351 677 4394 VIII.
1241 4353 1257 4402 6
