3575 5334
338 669 400 731 116
853 679 954 731 Clemnr

336 868 518 933 proponere
540 866 600 913 nec
622 847 711 913 litem
735 848 901 930 dirimere,
932 849 989 915 sed
1017 850 1051 913 in
1080 854 1309 931 utrumcunque
1338 855 1461 915 senten·

337 948 413 1011 tiam
435 947 618 1027 inclinavit,
644 943 770 1031 οιιιδής
793 954 904 1029 utpote
926 946 1101 1030 simplicior
1122 948 1223 1012 forma
1248 966 1374 1012 summo
1390 946 1461 1029 jure

336 1066 357 1111 a
379 1044 561 1111 novissimis
584 1043 760 1109 editoribus
783 1044 968 1109 restituitur.
1000 1042 1119 1109 Omitto
1142 1051 1284 1110 veterum
1306 1062 1461 1126 gramma·

335 1144 467 1209 ticorum
501 1149 682 1206 commenta
716 1141 756 1206 de
787 1142 910 1223 origine
937 1141 1084 1206 vocabuli
1115 1142 1240 1223 prolata
1267 1161 1327 1208 nec
1357 1160 1460 1207 recen·

335 1241 449 1305 tiorum
484 1258 635 1305 enumero
662 1238 910 1320 explicationes,
948 1238 1212 1303 verisimillimum
1235 1245 1284 1304 661
1313 1245 1349 1303 61
1383 1261 1460 1304 σπι-

336 1334 451 1420 δ-αμή
473 1338 520 1401 116
537 1333 662 1421 σπιδής
679 1336 721 1399 ad
737 1336 877 1400 radicem
896 1357 967 1399 οιια
990 1334 1087 1413 (Ourt.
1105 1339 1176 1416 272,
1193 1339 1267 1412 703)
1291 1336 1459 1420 pertinere,

335 1443 370 1499 ut
392 1434 944 1515 6116661116161666666161661661
966 1432 1104 1517 μακρός,
1128 1439 1289 1500 extensus.
1320 1433 1368 1498 ef.
1385 1438 1460 1498 σιτί-

338 1531 409 1596 διον
425 1538 532 1614 μῆκος
550 1525 631 1594 δδοῦ
647 1531 761 1596 Aesch.
778 1530 910 1612 116323
927 1529 1023 1594 Dind.
1054 1531 1359 1596 Animadvertamus
1374 1549 1459 1613 prae·

336 1637 424 1693 terea
445 1628 506 1692 boc
529 1627 656 1692 tertium
668 1627 738 1709 jam
754 1627 937 1709 exemplum
953 1627 1045 1692 nobis
1061 1647 1234 1710 occurrere,
1258 1630 1313 1693 ubi
1337 1635 1459 1693 veteres

337 1726 548 1807 explicatores
572 1743 609 1788 66
638 1730 798 1803 61161661,
828 1724 913 1804 qnod
936 1725 999 1788 duo
1023 1725 1179 1790 vocabula
1207 1745 1243 1791 se
1269 1719 1459 1811 excipientia

335 1842 504 1906 perperam
529 1821 777 1903 distinguebant.
809 1820 855 1886 cf.
879 1842 961 1903 quae
984 1822 1025 1889 de
1046 1822 1177 1886 vocibus
1200 1818 1355 1900 ἀκιδνὸς,
1379 1819 1458 1903 ἄμο-

336 1917 429 2003 ρδεις
452 1938 548 2001 supra
570 1939 624 2001 pp.
648 1922 687 1982 911
711 1925 743 1985 61
768 1923 823 1981 111
851 1919 1093 2003 disputavimus.

423 2071 454 2142 bl
492 2062 668 2141 ἄστσνος

334 2210 443 2268 161616
465 2202 583 2266 mendo
610 2201 737 2283 irrepsit
759 2200 874 2267 Aescb.
898 2202 986 2283 Sept.
1011 2205 1072 2268 856
1095 2202 1202 2284 Dind,
1233 2223 1294 2285 quo
1324 2204 1458 2287 pertinet

335 2300 431 2365 etiam
456 2299 594 2383 Hesych.
626 2295 784 2363 ἄστονον·
815 2296 954 2376 ἄλνιιον,
984 2297 1310 2381 μεγαλόστονον.
1363 2304 1457 2366 'lotus

335 2398 423 2462 locus
446 2417 531 2462 nuno
553 2398 598 2461 116
620 2396 768 2461 scribitur

488 2544 638 2628 ἐρέσσετ’
664 2544 753 2631 ἀμφὶ
776 2549 871 2631 κρατὶ
898 2547 1076 2630 πόμπιμον
1100 2559 1214 2632 χεροῖν

487 2643 636 2721 πίτυλον,
662 2640 699 2719 ὃς
723 2643 795 2709 αἰὲν
820 2640 868 2707 δι)
895 2642 1064 2730 Άχίροντ)
1090 2644 1268 2728 ἀμείβεται

487 2738 547 2803 τὰν
571 2736 752 2804 ναύστολον
775 2740 1003 2826 μελάγκροκον
1026 2742 1191 2827 θεωρίδα.

333 2893 371 2957 In
394 2893 484 2958 libris
507 2913 615 2959 616661.
640 2899 689 2958 est
718 2891 777 2957 τὰν
809 2891 989 2958 ἄστονον
1019 2894 1247 2979 μελαγκροκᾶν
1276 2894 1455 2961 ναύστολον

333 2990 497 3073 θεωρίδα.
547 2990 654 3056 Schol.
684 2989 744 3076 τὴν
773 2999 832 3054 τοῦ
861 2989 1027 3075 Χάρωνος
1056 2999 1136 3056 ναῦν
1169 2991 1324 3074 θεωρίδα
1355 2987 1455 3070 εἶπεν,

334 3093 457 3172 κορίως
481 3088 516 3153 δὲ
540 3094 599 3152 τοῦ
618 3086 829 3164 Ἀπόλλωνος
852 3084 871 3174 ἡ
897 3088 947 3165 εἷς
970 3090 1082 3175 Δῆλον
1108 3087 1339 3175 ἀπερχομένη,
1370 3088 1456 3173 λέγει

334 3185 370 3251 δὲ
406 3183 458 3250 ὅτι
491 3183 613 3271 ταύτην
648 3181 727 3248 ὁδὸν
761 3185 977 3272 θεωρητικὴν
1014 3183 1125 3270 ὥςπερ
1161 3182 1251 3251 οἶδεν
1286 3183 1304 3249 ὃ
1340 3184 1476 3260 στόνος.

332 3283 391 3369 τὴν
426 3281 485 3347 ἐντὶ
519 3281 577 3347 τὸν
604 3280 798 3365 Ἀχέροντα,
834 3282 896 3369 τήν
934 3280 1068 3367 ἀνήλιον
1103 3285 1170 3349 κτλ.
1214 3285 1360 3367 Apparet
1396 3285 1455 3348 iam
1505 3306 1509 3313 ·

331 3380 527 3445 scholiastae
556 3376 698 3444 ἄστονον
722 3381 923 3447 obversatum
954 3400 1025 3447 6666
1046 3388 1173 3464 praeter
1201 3381 1286 3464 quod
1315 3377 1454 3446 ἄστολον

333 3478 481 3542 exstabat
503 3479 536 3540 in
559 3477 631 3542 aliis
653 3480 754 3545 libris.
797 3480 899 3544 Acute
921 3479 1105 3545 Dindorfius
1126 3482 1306 3561 suspicatus
1329 3486 1379 3544 661
1400 3476 1455 3542 τὰν

333 3571 514 3638 ναύστολον
538 3575 674 3656 primum
696 3577 729 3641 in
756 3575 816 3640 τὰν
839 3572 991 3654 ἄστολον,
1022 3576 1139 3643 deinde
1169 3578 1202 3640 in
1231 3573 1291 3640 τᾶν
1315 3573 1455 3641 ἄστονον

332 3677 512 3753 corruptum
547 3691 633 3754 6666,
676 3693 737 3754 quo
777 3674 860 3738 facto
894 3692 972 3737 vera
1008 3675 1103 3739 lectio
1137 3674 1277 3757 ascripta
1315 3675 1456 3739 alienum

321 3761 436 3832 “locum
460 3771 672 3852 occupaverit.
702 3771 882 3836 Assentitur
909 3770 1112 3836 Hermannus
1135 3770 1188 3854 qui
1210 3791 1275 3835 non
1298 3770 1457 3852 intellegit

331 3884 447 3930 navem
472 3864 626 3933 Charonis
649 3866 706 3934 sed
729 3886 852 3933 sacram
876 3867 961 3931 viam
984 3868 1056 3932 coll.
1080 3868 1218 3951 Hesyoh.
1241 3872 1391 3951 θεωροί·
1418 3916 1425 3931 .
1448 3916 1455 3930 .

331 4012 339 4028 .
364 3961 526 4048 ,λέγουσι
550 3965 585 4029 δὲ
610 3961 665 4029 καὶ
688 3963 748 4050 τὴν
772 3959 861 4040 bedu,
887 3960 935 4026 δι’
961 3957 1001 4040 rig
1024 3963 1097 4029 ’ίασι
1119 3963 1177 4031 ἐντὶ
1201 3962 1242 4028 τὰ
1267 3963 1343 4048 ἱερὰ
1366 3970 1457 4029 θεω-

332 4061 419 4145 ρίδα.
461 4061 594 4127 Weilius
623 4066 729 4126 autem
757 4063 791 4126 in
819 4062 881 4126 bac
907 4062 960 4126 via
992 4063 1254 4129 lamentationem
1284 4062 1456 4141 desiderat,

331 4158 405 4238 quia
428 4178 467 4223 ea
489 4159 627 4224 dicenda
649 4159 712 4223 sint
734 4159 848 4240 quibus
871 4158 952 4224 haec
973 4160 1016 4224 ad
1037 4160 1157 4225 interos
1171 4164 1305 4243 θεωρία
1327 4161 1369 4224 ab
1385 4158 1457 4224 aliis

332 4252 473 4337 differat,
512 4257 605 4338 nigra
636 4256 736 4322 vestis
769 4276 826 4338 pro
860 4257 1015 4339 candida,
1053 4256 1239 4323 lamentatio
1276 4278 1335 4340 pro
1373 4257 1457 4323 laeto
