3575 5334
425 693 487 753 250
942 695 1029 751 Cauer
1119 751 1121 755 ,
1155 713 1157 717 ·

427 868 532 951 origo,
564 888 620 933 eas
643 875 674 933 et
695 867 811 952 stirpes
834 875 865 933 et
894 868 1136 934 terminationes
1158 868 1297 934 breviter
1319 888 1549 949 enumerarem,

427 967 644 1031 dubitantem
666 966 794 1047 generis
816 966 966 1048 exempla
986 985 1050 1046 qua
1064 966 1186 1031 ratione
1202 965 1413 1031 diiudicanda
1436 973 1549 1047 esseut,

425 1065 522 1147 paulo
544 1064 720 1129 accuratius
746 1082 951 1146 exponerem.
995 1070 1155 1146 postremo
1179 1062 1298 1129 deiude
1319 1063 1408 1145 loco,
1440 1063 1550 1146 ecquid

426 1162 467 1227 de
489 1163 630 1244 ipsarum
654 1161 925 1244 diphthongorum
949 1159 1078 1225 diversa
1098 1166 1214 1226 natura
1237 1167 1269 1226 et
1291 1160 1549 1243 pronuntiatione

427 1279 467 1325 ex
494 1280 554 1325 usu
582 1259 758 1324 Atticorum
788 1258 866 1323 disci
896 1260 1012 1341 possit,
1046 1277 1192 1340 quaeque
1219 1277 1292 1323 mea
1320 1259 1486 1324 sententia
1513 1256 1548 1323 de

364 1370 366 1374 ’
426 1363 494 1423 tota
515 1357 576 1422 hac
598 1357 785 1438 quaestione
807 1357 857 1435 sit,
881 1356 991 1438 paucis
1013 1355 1193 1438 explicabo.

514 1511 541 1570 1.
586 1507 633 1571 Et
664 1504 824 1568 initium
859 1503 1017 1586 quidem
1051 1504 1325 1587 exemplorum
1357 1523 1548 1569 enarran-

428 1603 563 1667 dorum
585 1603 733 1668 faciam
757 1602 804 1667 ab
828 1624 863 1665 ει
889 1601 1161 1684 diphthongo,
1190 1621 1272 1683 quae
1295 1609 1434 1683 quatuor
1456 1604 1547 1669 variis

427 1700 530 1766 modis
553 1706 622 1764 orta
645 1719 716 1765 esse
738 1706 852 1781 potest.

512 1844 542 1887 a.
588 1847 623 1886 ει
646 1821 755 1887 facta
777 1829 838 1887 est
860 1841 908 1887 ex
931 1832 1004 1899 s-t-
1019 1845 1040 1898 ι,
1064 1822 1098 1887 in
1121 1822 1236 1904 quibus
1257 1843 1366 1888 rursus
1388 1823 1546 1906 utriusque

427 1921 548 1985 vocalis
570 1920 658 2003 origo
681 1920 858 1985 accuratius
880 1920 1083 2003 respicienda
1105 1927 1163 1985 est.

512 2019 649 2102 primum
683 2019 716 2083 iu
755 2016 967 2083 radicibus
1003 2038 1069 2081 non
1101 2017 1210 2101 paucis
1246 2041 1258 2081 ι
1289 2018 1398 2084 brevis
1433 2018 1546 2083 vocalis

318 2148 320 2152 ’
427 2116 611 2201 praeposita
634 2140 649 2180 ε
670 2122 764 2180 aucta
780 2123 829 2181 est
849 2117 883 2180 in
907 2139 936 2179 ει
959 2116 1058 2179 multo
1080 2121 1166 2195 ante,
1189 2135 1284 2198 quam
1301 2116 1417 2197 lingua
1432 2116 1546 2182 Graeca

426 2215 459 2278 iu
482 2216 589 2279 varias
611 2213 764 2278 dialectos
796 2213 953 2279 discessit.
996 2212 1090 2277 huius
1114 2235 1159 2290 ει,
1188 2231 1282 2294 quam
1310 2214 1486 2294 genuinam
1509 2212 1546 2277 di·

427 2312 626 2394 phthongum
650 2317 681 2375 et
703 2311 833 2375 Ionicae
857 2310 994 2375 dialecto
1022 2330 1093 2374 cum
1122 2309 1235 2374 ceteris
1258 2329 1460 2376 communem
1485 2328 1545 2376 esse

338 2412 341 2418 ’
427 2416 531 2491 patet,
565 2410 645 2473 haec
675 2415 803 2473 exstant
831 2410 864 2472 in
893 2407 1154 2491 inscriptionibus
1182 2406 1296 2471 Atticis
1325 2408 1543 2472 vetustioribus

427 2507 590 2589 exempla:

513 2613 685 2702 ἆλείφω.
732 2616 974 2703 §estaperseo
998 2618 1085 2699 32Α,
1110 2630 1147 2682 10.

514 2713 710 2796 δείκνυμι.
743 2715 910 2793 ἐπιδεῖξαι
932 2721 1007 2797 383,
1024 2728 1049 2778 4.
1085 2715 1339 2798 παραδείγαατα
1363 2720 1462 2799 3243,
1483 2730 1503 2780 1.
1522 2726 1540 2777 4.

514 2813 672 2893 (δείδω.)
713 2806 928 2895 Ἀδείμαντος
951 2818 1023 2895 274,
1053 2826 1077 2878 3.
1111 2826 1148 2875 10.
1185 2817 1257 2896 275,
1281 2826 1305 2877 4.
1344 2818 1418 2896 447,
1442 2828 1481 2877 42.
1507 2846 1540 2859 -

428 2907 565 2987 Δεινίας
588 2914 659 2991 299,
682 2923 706 2976 a.
729 2916 801 2993 433,
825 2924 863 2976 aa.
887 2917 960 2993 447,
983 2924 1022 2977 ca.
1046 2914 1118 2995 483,
1141 2924 1165 2976 a

514 3008 663 3085 (ἔοικα.)
698 3001 863 3093 Ἐπιείκης
886 3013 982 3090 3244,
1006 3022 1045 3073 46.

512 3111 663 3189 κεῖμαι.
708 3098 988 3187 κειμένωα322ει,
1011 3118 1051 3171 46.

513 3206 653 3270 λείπω.
701 3204 875 3285 ducatuum·
901 3208 951 3280 29,
974 3216 1014 3265 24.

512 3301 661 3367 πείθω.
707 3307 870 3382 πείσομαι
901 3305 929 3380 9,
952 3314 992 3366 26.
1031 3302 1106 3385 111),
1133 3313 1156 3365 t.
1205 3293 1427 3387 Ἀξιοιτείθης
1454 3306 1539 3377 3243,

429 3415 465 3468 43.
504 3413 599 3479 α,61.
640 3400 676 3481 d,
699 3413 723 3464 4.
767 3403 960 3481 Διοπείθης
988 3402 1130 3481 448,12.
1185 3398 1396 3480 Πείσανδρος
1426 3403 1502 3479 448,
1522 3409 1540 3459 8.

426 3495 613 3573 Πεισιάναξ
633 3501 704 3577 470,
727 3510 751 3561 3.
1004 3581 1007 3587 Ι

511 3596 662 3673 τεῖχος,
692 3596 777 3676 324,
801 3606 840 3658 31.
882 3596 1025 3674 3tz,1o.
1067 3596 1139 3674 549,
1162 3604 1187 3657 3.
1229 3593 1388 3660 accedunt
1422 3595 1543 3661 nomina

427 3685 557 3778 propria
580 3692 703 3758 dehoc
728 3692 884 3757 vocabulo
910 3691 1070 3757 derivata:
1107 3691 1323 3771 Τειχιοῦσσα,
1352 3691 1544 3774 Astapous-

425 3795 526 3872 χῖιαι,
550 3791 624 3856 alia.
797 3789 799 3794 ’

514 3887 751 3972 (φείδομαι.)
798 3886 1111 3971 marcennacum,
1134 3900 1172 3971 5.⁴

511 3986 661 4053 subiunxi
687 3985 838 4051 hocloco
862 3986 925 4051 duo
947 3985 1120 4066 vocabula,
1150 3984 1191 4050 de
1220 4004 1352 4066 quorum
1376 3982 1544 4067 veriloquio

426 4105 538 4168 parum
561 4089 696 4163 constat,
719 4082 778 4148 sed
793 4102 875 4164 quae
889 4083 935 4147 ita
951 4090 1136 4166 comparata
1151 4090 1234 4163 sunt,
1258 4088 1292 4147 ut
1307 4081 1369 4147 huc
1384 4078 1545 4149 referenda

426 4202 497 4249 esee
519 4181 706 4246 videantur:
1367 4224 1369 4229 -

512 4286 647 4353 νεῖκος
677 4297 734 4361 per
764 4275 799 4341 ΕΙ
831 4278 984 4360 scriptum
1014 4281 1094 4359 492,
1117 4290 1140 4339 3.
1184 4274 1325 4342 dubitari
1353 4275 1409 4341 vix
1439 4280 1544 4361 potest,
