3575 5334
639 675 672 730 de
690 676 805 732 dialecto
823 678 916 733 Attica
932 679 1087 733 vetustiore.
1123 680 1157 733 Π.
1397 680 1460 742 437

335 864 431 927 quam
453 866 513 914 nos
535 848 615 914 scire
637 848 749 930 potuit.
794 849 922 931 singula
942 869 1019 916 vero
1041 857 1246 932 argumenta,
1269 850 1383 933 quibus
1406 852 1460 918 de·

336 944 506 1009 monstrari
530 946 626 1027 solet,
649 952 801 1028 quantum
817 946 924 1012 Atthis
946 966 966 1011 a
987 946 1092 1029 prisco
1118 946 1259 1013 Ionismc
1282 950 1458 1031 recesserit,
1531 1002 1536 1011 .

334 1060 377 1105 ne
398 1040 486 1123 apud
502 1041 676 1124 Berginium
693 1042 821 1125 quidem
843 1050 936 1110 tanta
954 1052 1083 1126 tamque
1105 1042 1196 1109 firma
1217 1049 1302 1126 sunt,
1325 1044 1403 1126 quin
1423 1045 1457 1110 in

334 1138 526 1203 contrariam
548 1146 671 1222 partem
693 1141 842 1223 restringi
864 1142 987 1223 possint
1008 1142 1061 1207 uel
1083 1140 1190 1224 potius
1212 1141 1361 1207 debeant.

422 1240 450 1301 1.
479 1256 517 1301 ac
536 1237 672 1320 primum
688 1227 819 1321 quidem
837 1239 871 1302 in
886 1260 929 1302 σσ
945 1245 977 1305 et
990 1261 1029 1300 ττ
1043 1238 1153 1304 literas
1167 1238 1253 1303 inter
1267 1256 1302 1303 se
1318 1245 1457 1305 mutatas

334 1333 395 1397 hoo
416 1332 531 1399 cadere
553 1334 769 1417 unusquisque
790 1336 954 1417 concedet,
978 1335 1032 1418 qui
1052 1354 1092 1401 ea
1109 1334 1352 1418 comparaverit,
1374 1355 1458 1417 quae

332 1449 431 1513 supra
459 1434 501 1513 (p.
526 1434 586 1497 283
603 1436 684 1514 sqq.)
713 1432 754 1498 de
783 1433 844 1498 hac
866 1453 901 1499 re
923 1433 1066 1515 exposui.
1111 1451 1216 1515 neque
1243 1432 1348 1497 babeo
1371 1432 1457 1515 quod

310 1525 464 1604 ‘addam
487 1527 549 1593 nisi
571 1528 653 1595 forte
675 1529 746 1611 quis
768 1536 860 1614 putat
882 1550 922 1597 ea
943 1530 1015 1613 ipsa
1032 1530 1166 1611 ratione,
1190 1549 1285 1611 quam
1307 1529 1392 1594 inter
1415 1549 1457 1593 σσ

333 1629 365 1688 et
387 1647 425 1685 rr
447 1624 647 1692 intercedere
668 1626 896 1709 demonstravi,
920 1628 1112 1694 sententiam
1136 1646 1245 1692 eorum
1267 1625 1455 1704 confirmari,

333 1722 388 1803 qui
410 1741 589 1788 sermonem
604 1724 792 1807 scriptorum
807 1726 982 1791 Atticorum
1005 1724 1163 1806 evulgari
1187 1743 1306 1806 genere
1329 1722 1457 1789 dicendi

332 1840 398 1884 non
425 1820 540 1886 leviter
562 1819 746 1886 distinctum
769 1822 867 1888 fuisse
888 1822 1040 1888 iudicent.
1084 1829 1118 1887 at
1140 1821 1270 1885 omnino
1297 1821 1364 1886 tale
1395 1820 1457 1887 dis·

332 1917 452 1982 crimen
474 1918 557 1981 inter
571 1936 611 1983 ea
632 1918 850 1985 intercessisse
871 1940 938 1984 non
963 1919 1091 2001 negavi,
1115 1918 1172 1983 sed
1194 1924 1318 1982 tantum
1342 1936 1457 1985 cavere

331 2013 434 2094 volui,
458 2033 500 2079 ne
522 2014 582 2079 hoe
604 2014 776 2082 discrimen
798 2016 881 2081 iusto
904 2016 1007 2081 maius
1030 2015 1275 2082 existimaretur.
1320 2014 1407 2097 quod
1430 2016 1456 2081 si

331 2119 452 2176 certum
475 2111 607 2194 aliquod
630 2114 812 2196 exemplum
834 2113 1000 2192 habemus,
1023 2111 1055 2175 in
1079 2131 1141 2193 quo
1164 2111 1360 2177 consuetudo
1383 2112 1457 2177 scri·

331 2214 457 2291 ptorum
474 2209 649 2274 Atticorum
671 2211 714 2275 ab
735 2230 795 2275 usu
810 2210 934 2292 volgari
956 2229 996 2275 ex
1018 2208 1170 2290 analogia
1191 2208 1275 2273 alius
1290 2208 1456 2274 cuiusdam

332 2305 462 2372 dialecti
484 2306 628 2389 recedat,
658 2308 718 2372 hoc
746 2308 1023 2390 argumentatione
1051 2312 1161 2371 nostra
1183 2304 1457 2388 comprehendere

332 2410 364 2468 et
386 2424 554 2486 possumus
582 2410 614 2470 et
636 2404 799 2470 debemus.
843 2405 877 2469 in
906 2404 1090 2469 universum
1112 2409 1219 2467 autem
1240 2400 1322 2468 illud
1344 2401 1457 2468 discri-

332 2520 406 2566 men
422 2501 547 2566 nonita
562 2521 713 2583 magnum
735 2502 834 2568 luisse
848 2502 921 2586 ipsa
943 2502 1004 2566 hac
1018 2500 1187 2566 occasione
1201 2518 1296 2581 quam
1316 2498 1455 2565 maxime

331 2605 477 2682 apertum
506 2597 551 2663 iit.
594 2619 669 2665 nam
699 2600 727 2664 si
755 2599 979 2683 inscriptiones
1008 2597 1113 2664 studio
1142 2597 1250 2663 aliena
1278 2595 1339 2661 sibi
1368 2610 1455 2662 assu·

330 2697 450 2778 mendi,
474 2716 534 2779 quo
556 2698 727 2780 scriptores
743 2698 866 2763 Attioos
887 2696 1109 2762 incredibilem
1131 2695 1164 2760 in
1184 2695 1314 2761 modum
1336 2698 1455 2763 arsisse

330 2796 480 2861 nonnulli
512 2799 643 2877 putant,
677 2794 768 2878 ipsae
802 2814 928 2877 quoque
956 2793 1095 2860 iniectae
1128 2799 1250 2875 essent,
1284 2794 1455 2877 aliquoties

331 2893 429 2959 etiam
460 2912 502 2954 σσ
535 2912 593 2973 pro
626 2914 666 2953 ra
696 2892 818 2975 positas
847 2892 880 2956 in
913 2910 968 2957 eas
1000 2890 1168 2973 irrepsisse
1196 2909 1329 2957 necesse
1360 2898 1453 2957 esset.

331 3010 414 3072 quae
443 2988 593 3072 quoniam
625 3008 689 3053 non
721 2987 935 3070 irrepserunt,
970 2986 1108 3053 dubitari
1137 2987 1191 3051 vix
1224 2993 1345 3070 potest,
1378 2988 1454 3070 quin

330 3087 432 3168 tituli,
465 3086 499 3149 in
533 3105 665 3168 quorum
698 3085 937 3168 comparatione
971 3083 1051 3148 baec
1087 3082 1268 3149 dissertatio
1297 3091 1453 3166 versatur,

330 3186 496 3266 uolgarem
519 3182 692 3248 dialectum
714 3181 958 3247 Atheniensium
980 3180 1058 3246 satis
1086 3199 1208 3244 meram
1237 3180 1330 3245 nobis
1363 3200 1455 3263 prae-

330 3282 438 3346 beant.
483 3281 571 3363 atqui
599 3280 680 3346 haec
702 3281 859 3345 dialectus
881 3280 922 3344 ab
946 3298 1000 3360 ca,
1032 3298 1127 3360 quam
1149 3276 1292 3360 alioquin
1314 3276 1454 3342 Atticam

330 3398 447 3443 vocare
463 3376 641 3457 didicimus,
663 3398 729 3442 non
744 3377 850 3442 differt
864 3374 1008 3458 exceptis
1029 3374 1140 3458 paucis
1155 3374 1250 3439 rebus
1264 3392 1330 3439 non
1345 3375 1455 3457 magni

331 3475 493 3555 momenti,
517 3494 596 3556 quas
612 3494 710 3556 supra
731 3473 798 3538 suis
814 3472 892 3539 locis
908 3473 1071 3539 adnotavi.
1109 3491 1185 3553 ergo
1206 3491 1248 3537 ne
1265 3470 1453 3554 scriptorum

331 3571 460 3654 quidem
473 3570 651 3650 Atticorum,
670 3589 772 3653 genus
792 3569 919 3636 dicendi
942 3571 1004 3653 ita,
1028 3576 1063 3635 ut
1084 3589 1105 3634 a
1126 3568 1287 3652 plerisque
1309 3566 1358 3650 fit,
1380 3588 1454 3633 eon·

330 3669 458 3735 silicet
485 3675 554 3734 arte
576 3667 803 3750 compositum,
831 3675 947 3734 natura
971 3674 1078 3734 autem
1107 3686 1237 3749 prorsus
1265 3665 1452 3731 destitutum

329 3766 429 3832 luisse
450 3764 627 3848 putandum
650 3771 707 3830 est.

417 3867 447 3926 2.
476 3862 537 3927 boc
558 3861 653 3943 igitur
674 3861 702 3926 si
725 3860 879 3925 memoria
900 3862 1090 3941 tenebimus,
1113 3860 1210 3926 etiam
1232 3859 1335 3943 magis
1357 3880 1452 3943 quam

331 3967 429 4024 antea
456 3959 645 4039 intellegere
670 3947 857 4039 poterimus,
888 3964 1043 4040 quantum
1066 3963 1098 4024 et
1120 3958 1279 4040 Bergkius
1301 3957 1410 4024 etalii
1432 3979 1453 4023 a

330 4176 412 4231 talem
425 4173 683 4243 argumentationem
695 4173 811 4228 breviter
824 4188 1032 4229 commemorare
1046 4189 1127 4242 quam
1138 4174 1167 4227 in
1184 4173 1350 4231 commodum
1362 4187 1452 4228 meum

331 4259 435 4310 vertere
453 4255 544 4309 malui.
