3575 5334
549 710 581 765 de
599 711 715 767 dialecto
734 713 826 766 Attica
843 712 996 767 uetustiore.
1031 712 1054 764 Ι.

692 1020 861 1097 CAPUT
888 1024 918 1095 Ι.

297 1206 357 1269 DE
381 1205 660 1271 LITERATURA
689 1206 1032 1273 INSORIPTIONUM
1058 1206 1310 1274 ATTIGARUM

460 1302 660 1369 EUOLIDIS
687 1304 808 1370 ANNO
831 1304 1148 1371 VETUSTIORUM.

325 1472 352 1534 Ι.
399 1471 475 1536 Cum
508 1473 615 1539 varias
647 1481 770 1540 aetates
803 1475 934 1556 linguae
966 1473 1101 1539 alicuius
1131 1474 1365 1557 distinguimus,

234 1570 299 1635 hoc
322 1591 389 1634 non
412 1589 449 1634 eo
473 1590 569 1636 sensu
585 1592 643 1636 nos
658 1571 763 1636 lacere
787 1580 1036 1637 consentaneum
1060 1579 1123 1651 est,
1147 1580 1181 1636 ut
1203 1594 1265 1637 uno
1289 1581 1366 1640 tern-

236 1667 326 1750 poris
360 1676 520 1732 momento
554 1670 776 1734 vehementem
811 1669 972 1749 quandam
1005 1671 1212 1735 mutationem
1249 1670 1366 1735 factam

238 1784 310 1829 esse
333 1770 491 1847 putemus,
515 1764 572 1829 sed
589 1784 636 1842 eo,
659 1774 694 1829 nt
715 1767 804 1831 leves
819 1766 910 1831 initio
927 1776 958 1834 et
981 1767 1136 1849 paulatim
1153 1768 1367 1834 increscentes

239 1860 468 1944 pronuntiandi
498 1870 529 1926 et
558 1862 711 1944 loquendi
740 1862 912 1928 varietates
945 1864 1096 1930 collectas
1129 1873 1161 1930 et
1194 1866 1367 1931 maioribus

241 1960 354 2042 spatiis
377 1959 530 2041 temporis
553 1960 816 2042 comprehensas,
847 1968 1000 2042 quantum
1023 1960 1090 2025 fieri
1114 1963 1230 2044 possit,
1261 1965 1367 2046 singu-

241 2058 344 2122 lorum
374 2048 428 2121 rel
450 2075 605 2119 annorum
634 2058 685 2120 vel
715 2058 884 2121 lustrorum
914 2056 966 2120 rel
996 2056 1152 2122 decadum
1175 2058 1289 2125 finibus
1311 2060 1368 2124 cir-

243 2153 499 2219 cumscribamus.
544 2174 603 2219 nec
625 2174 697 2217 raro
719 2152 767 2232 fit,
792 2160 825 2217 ut
846 2154 1013 2218 lentiorem
1036 2154 1175 2234 aliquem
1198 2158 1365 2221 transitum

242 2250 424 2316 vetustioris
446 2253 600 2316 sermonis
616 2253 648 2315 in
665 2251 873 2315 recentiorem
896 2252 1040 2333 longiore
1060 2252 1230 2317 intervallo
1253 2273 1363 2335 parum
1480 2301 1482 2304 .

241 2355 388 2413 accurate
411 2347 543 2413 definire
566 2368 724 2429 cogamur.
759 2348 791 2412 id
815 2347 899 2428 quod
923 2348 957 2411 in
979 2349 1104 2413 Atticae
1128 2348 1255 2414 dialecti
1279 2356 1366 2415 vetn-

241 2445 345 2510 stioris
374 2449 407 2509 et
436 2446 620 2510 recentioris
649 2445 887 2509 distinctionem
915 2445 1010 2509 cadit.
1055 2466 1128 2509 nam
1158 2448 1184 2512 si
1216 2467 1255 2512 ea
1284 2468 1366 2511 com-

241 2552 407 2625 putamus,
438 2561 520 2623 quae
545 2563 564 2605 a
595 2543 756 2607 veteribus
784 2542 999 2624 grammaticis
1028 2542 1068 2608 de
1097 2545 1158 2609 hac
1186 2564 1220 2609 re
1248 2544 1367 2609 tradita

241 2649 312 2705 sunt
335 2659 481 2722 quaeque
505 2659 544 2704 ex
574 2640 664 2703 libris
688 2640 874 2721 scriptorum
897 2641 1089 2722 Atticorum,
1119 2642 1172 2723 qui
1194 2642 1291 2707 hodie
1313 2662 1367 2708 ex·

239 2745 333 2818 stant,
358 2736 464 2819 colligi
488 2744 631 2818 possunt,
658 2745 723 2801 toto
746 2737 812 2802 lere
835 2737 913 2801 belli
935 2738 1201 2821 Peloponnesiaci
1224 2747 1367 2823 tempore

239 2835 376 2899 confinia
402 2833 534 2898 duarum
557 2834 683 2897 illarum
706 2842 845 2899 aetatum
869 2837 1024 2900 contineri
1046 2837 1272 2919 intellegimus.
1309 2838 1367 2902 ita·

240 2952 299 3014 que
328 2932 356 2995 si
379 2931 502 2995 Atticos
532 2950 602 2994 cum
632 2939 744 3012 poetas
773 2939 838 2995 turn
871 2953 985 3015 prosae
1014 2934 1167 2999 orationis
1195 2936 1366 3017 scriptores

239 3036 438 3111 spectamus5
468 3048 533 3091 non
555 3028 648 3091 facile
672 3036 721 3094 est
744 3030 879 3110 priorem
904 3035 935 3093 et
958 3032 1163 3110 posteriorem
1187 3037 1310 3096 aetates
1331 3032 1364 3095 in

240 3126 284 3191 eis
313 3132 461 3190 accurate
491 3124 696 3206 distinguere.
748 3123 955 3206 Thucydides
982 3126 1108 3205 quidem
1140 3132 1171 3190 et
1200 3127 1363 3207 Antiphon

240 3231 269 3288 et
291 3221 476 3287 Andocides
499 3222 574 3301 quin
598 3221 823 3286 vetustioribus
845 3219 1080 3285 adnumerandi
1103 3222 1175 3301 sint,
1205 3223 1258 3284 vir
1282 3222 1365 3301 quis-

240 3339 333 3401 quam
358 3318 531 3400 dubitabit3
565 3319 657 3383 Plato
686 3325 793 3383 aulem
824 3327 855 3382 et
883 3318 1064 3400 Xenophon
1097 3325 1127 3383 et
1155 3319 1226 3399 alii,
1257 3338 1366 3399 quam-

240 3437 333 3497 quam
357 3415 399 3480 ad
429 3416 586 3480 recentius
616 3414 742 3480 dicendi
772 3434 874 3496 genus
903 3415 1075 3496 inclinant,
1106 3423 1211 3480 tamen
1236 3434 1253 3479 e
1276 3422 1363 3479 vetu-

240 3514 335 3578 stiore
369 3531 516 3578 sermone
549 3513 708 3576 nonnulla
736 3513 781 3576 ita
814 3519 959 3592 servant,
993 3520 1027 3576 ut
1060 3512 1199 3577 medium
1233 3512 1364 3594 aliquod

240 3629 340 3691 genus
363 3615 487 3673 veteres
509 3609 662 3689 quosdam
678 3610 903 3691 grammaticos
919 3610 1017 3675 secuti
1033 3616 1173 3675 statuere
1195 3611 1365 3692 possimus.

242 3706 279 3771 de
302 3726 364 3788 quo
387 3706 470 3770 infra
499 3708 592 3788 plura
619 3706 732 3771 dicam.
777 3707 1021 3789 inscriptionum
1051 3710 1150 3787 enim,
1182 3708 1221 3772 de
1250 3708 1364 3789 quihus

242 3823 325 3867 nuno
355 3823 427 3885 ago,
457 3803 554 3867 multo
584 3804 757 3885 simplicior
787 3810 836 3868 est
859 3804 949 3868 ratio.
993 3803 1026 3868 in
1055 3804 1167 3885 quibus
1197 3805 1256 3870 etsi
1286 3805 1364 3887 ipsis

241 3920 365 3982 quoque
394 3899 549 3981 paulatim
573 3900 713 3964 mutatio
735 3902 896 3966 literarum
921 3909 952 3965 et
980 3901 1149 3965 formarum
1173 3900 1224 3981 iit,
1254 3909 1361 3965 tamen

241 3997 395 4062 habemus
429 4004 548 4061 eertum
586 3996 724 4078 aliquem
762 3998 948 4077 terminum,
986 4016 1079 4078 quem
1113 3999 1146 4060 in
1180 3995 1362 4061 dividendis

243 4094 363 4158 duabus
397 4093 557 4158 aetatibus
588 4094 713 4158 Atticae
747 4096 875 4176 linguae
908 4094 1123 4176 respiciamus.
1168 4112 1243 4157 narn
1276 4101 1362 4173 post-

242 4210 332 4271 quam
356 4190 443 4255 bello
467 4190 740 4272 Peloponnesiaco
763 4191 917 4256 vetustior
939 4191 1039 4253 lorma
1062 4189 1154 4252 huius
1177 4189 1306 4269 linguae
1328 4189 1361 4252 in

241 4289 447 4353 recentiorem
466 4288 584 4353 sensim
600 4286 734 4367 transiit,
758 4308 843 4352 anno
859 4285 908 4352 Ol.
926 4290 975 4365 94,
993 4289 1011 4348 2
1029 4289 1081 4360 l=
1093 4289 1154 4348 403
1171 4305 1200 4349 a.
1217 4284 1289 4349 Chr.
1305 4290 1362 4367 n),

1102 4385 1155 4435 15*
