3575 5334
425 690 489 750 350
927 693 1071 748 Bechstein

425 866 568 931 Fabrett.
592 886 622 948 p.
640 868 712 945 666,
729 868 791 928 623
815 872 847 929 et
869 864 958 930 Grut.
982 886 1013 949 p.
1030 868 1107 932 388.-
1126 872 1155 932 4.
1180 873 1212 934 et
1235 860 1379 952 σαπίηνς
1401 889 1454 951 ap.
1472 869 1548 934 Plut.

424 963 497 1028 Tib.
521 964 655 1028 Graeob.
680 962 712 1037 (l.
736 982 767 1025 v.
792 967 954 1039 σαπιενς).

510 1061 561 1126 Ad
584 1061 664 1125 haee
686 1059 843 1125 voeabula
865 1060 984 1143 optime
1011 1061 1193 1144 applicatur
1220 1081 1323 1145 genus
1345 1062 1427 1128 illud
1450 1064 1548 1147 adjec-

425 1160 559 1222 tivorum
576 1159 606 1219 in
618 1156 711 1242 fiens
721 1158 932 1230 desinentium,
950 1178 1081 1242 quorum
1094 1160 1384 1242 comparativorum
1401 1169 1434 1227 et
1448 1182 1548 1245 super·

424 1258 595 1322 lativorum
617 1256 733 1338 stirpes
755 1254 955 1339 (fiuent-ior,
986 1255 1244 1340 ficem-inimus)
1266 1258 1427 1342 participii
1450 1280 1546 1344 praes.

341 1432 346 1440 ‚
424 1356 565 1438 speeiem
589 1372 667 1440 prae
689 1373 725 1420 se
741 1353 856 1420 ferunt.
894 1354 976 1419 Sunt
990 1361 1097 1420 autem
1118 1353 1200 1420 6666
1223 1359 1265 1429 (v.
1281 1355 1383 1437 Neue,
1408 1357 1545 1424 formenl.

425 1453 489 1534 lli,
513 1473 544 1534 p.
571 1456 658 1526 llll:

469 1586 622 1670 beneficus
644 1606 746 1670 eomp.
769 1585 1013 1671 beneficentior,
1037 1607 1107 1669 sup.
1137 1585 1454 1670 beneficam-iminica,

467 1684 626 1768 vnalefiens
690 1719 704 1731 -
768 1682 1017 1768 maleficam-ior,
1074 1719 1088 1730 ·
1142 1684 1463 1769 maleficentissimos,

393 1843 395 1847 .
469 1780 650 1865 magnificus
693 1818 707 1828 -
773 1782 1046 1867 mupnifieenl-r'on
1075 1817 1094 1862 ·.
1144 1781 1482 1866 magnificent-iesimon
1502 1784 1543 1864 (el.

554 1879 628 1944 adv.
652 1879 907 1964 mupnifieenter),

469 1975 662 2060 bovronr'fiens
684 1997 785 2062 eomp.
802 1977 1086 2061 bonorzfleent-ior,
1110 1998 1180 2061 sup.
1197 1977 1543 2063 honorificent-obsimus,

468 2073 630 2159 munificus
721 2112 734 2121 -
804 2073 1079 2158 [munpieent-iorl,
1146 2110 1159 2120 -
1196 2072 1518 2159 enunifieenl-irsimna

346 2241 348 2245 ,
467 2171 617 2256 mirr'fieus
721 2208 735 2219 ·
933 2208 946 2218 -
1146 2208 1160 2218 ·
1199 2171 1513 2256 mimfleent-issimna

509 2306 579 2370 Iam
603 2306 702 2370 oritur
723 2305 868 2387 quaestio
884 2303 1094 2385 subdifficilis,
1118 2323 1256 2385 quanam
1272 2305 1397 2371 ratione
1419 2305 1546 2371 formata

423 2404 465 2469 sit
480 2403 707 2468 voeabulornm
723 2402 819 2484 stirps
841 2400 972 2485 piceae.
1010 2403 1151 2466 Revera
1172 2422 1237 2467 nou
1257 2421 1328 2481 esse
1351 2411 1434 2486 part.
1450 2424 1545 2488 praes.

424 2502 560 2584 primum
589 2499 717 2581 quidem
746 2499 822 2564 inde
853 2499 1066 2580 intellegitur,
1101 2498 1186 2581 quod
1216 2500 1304 2564 verbi
1333 2499 1455 2583 secere
1483 2522 1546 2566 666

425 2598 587 2663 adverbiis
615 2597 791 2679 composita
821 2587 967 2663 vocalem
996 2618 1015 2658 6
1045 2597 1204 2678 integram
1234 2598 1391 2662 retinent:
1427 2597 1546 2681 beneso-

424 2716 511 2761 eere‚
551 2692 755 2774 vnalesaeere,
792 2694 983 2775 calefacere,
1027 2693 1186 2778 lepefirere
1225 2696 1267 2759 al.
1302 2694 1454 2772 (Corssen
1491 2698 1547 2777 11²,

380 2828 381 2833 κ
425 2813 457 2874 p.
481 2793 565 2865 886).
613 2789 737 2855 Deinde
765 2811 841 2856 vero
871 2812 933 2874 qno
962 2793 1103 2874 gentium
1134 2792 1255 2858 vooalis
1276 2794 1291 2854 i
1310 2791 1471 2876 participii
1492 2793 1546 2877 fa.-

424 2890 506 2951 elene
529 2886 647 2953 abiisse
668 2887 726 2951 tibi
742 2888 890 2953 videtur?
917 2890 1064 2971 Denique
1085 2909 1127 2955 ne
1148 2891 1219 2972 quis
1241 2889 1357 2955 dixerit
1379 2910 1452 2957 esse
1474 2892 1549 2957 6666

425 2986 584 3051 voeabula
607 2986 697 3065 quasi
720 2986 889 3069 partieipia
904 2988 1129 3052 verbornmin
1152 2998 1204 3049 ere
1226 3008 1246 3051 a
1266 2989 1366 3070 stirpe
1387 2986 1479 3072 fiee-
1502 2989 1550 3055 de·

424 3085 599 3148 rivulorum
634 3080 854 3168 t*lenefieere,
894 3082 1095 3168 *malefieere
1125 3089 1195 3165 ott,
1231 3085 1326 3149 simili
1361 3084 1458 3151 modo
1491 3107 1548 3169 quo

318 3265 320 3270 .
423 3182 533 3265 stirpis
562 3180 639 3264 plo·
671 3182 821 3263 superlat.
852 3183 1091 3264 pientissimus),
1122 3180 1201 3247 haee
1231 3203 1363 3248 moneo:
1403 3186 1549 3261 Eandem

425 3300 521 3362 quam
562 3278 678 3361 adjeet.
717 3278 749 3343 in
790 3278 888 3364 -fieus
927 3279 1086 3344 formandi
1125 3280 1281 3345 rationem
1315 3282 1349 3345 in
1389 3303 1550 3368 eompara-

424 3378 499 3441 tivis
533 3383 564 3440 et
595 3377 800 3459 superlativis
829 3373 982 3441 exhibent
1012 3375 1130 3459 adjeot.
1159 3376 1343 3451 maledicus,
1378 3379 1551 3456 6666666166,

425 3472 609 3550 malevolus,
644 3494 777 3555 quorum
807 3494 871 3538 non
905 3475 1007 3538 solum
1040 3494 1143 3557 comp.
1173 3474 1410 3539 maledicentiae
1438 3480 1549 3556 (Plaut.

388 3561 390 3566 ⁵
427 3570 523 3635 Mero.
550 3573 631 3651 142),
656 3570 896 3659 benevolentior,
927 3578 959 3634 et
980 3571 1098 3652 superi.
1122 3571 1439 3646 reznledieentrbsimun
1464 3576 1549 3638 bene·

426 3668 660 3739 valentissimus,
685 3668 1000 3745 malevolentissimas,
1023 3668 1194 3737 sedetiam
1220 3670 1351 3752 positivi
1367 3673 1549 3736 maledicens

399 3783 401 3787 ·
427 3766 543 3830 (Plaut.
572 3765 668 3830 Mero.
693 3770 781 3844 416),
811 3765 993 3842 benevolens
1015 3766 1148 3848 (Plaut,
1172 3768 1334 3847 Terent),
1365 3772 1548 3834 malevolens

426 3860 555 3937 (Plani.)
578 3862 696 3927 servati
712 3863 870 3945 leguntur.
906 3862 1034 3941 Quare
1056 3863 1218 3947 probatur,
1241 3863 1439 3946 maledicens,
1463 3867 1548 3930 bene·

425 3960 548 4035 volens,
577 3961 762 4022 malevolens
788 3961 965 4043 eomposita
991 3981 1062 4027 esse
1091 3979 1131 4026 ex
1159 3960 1322 4027 adverbiis
1350 3963 1444 4039 lene,
1462 3964 1547 4027 ,6616

425 4063 458 4122 et
487 4063 568 4140 part.
598 4077 702 4140 praes.
732 4059 901 4124 verborum
930 4058 1034 4140 disere
1064 4065 1095 4124 et
1122 4058 1215 4136 velle,
1245 4060 1358 4123 decens>
1378 4069 1411 4127 et
1439 4064 1545 4125 utilene.

426 4155 517 4233 Quae
540 4174 636 4236 quum
665 4154 711 4219 ita
733 4156 811 4236 sint,
841 4155 900 4220 illa
922 4176 1047 4238 quoque
1070 4155 1227 4221 voeabula
1244 4151 1405 4225 'constare
1436 4180 1477 4225 ex
1497 4156 1546 4223 ad·

425 4252 592 4337 verbioet
619 4252 721 4316 forma
750 4253 889 4334 quadam
912 4253 1026 4337 -fieenl
1049 4259 1169 4319 eertum
1193 4262 1249 4320 est.
1293 4255 1344 4320 Ab
1367 4256 1434 4323 illis
1456 4258 1545 4340 igitur
