3575 5334
413 705 476 767 408
929 706 1017 761 Cauer

412 886 498 933 nova
529 865 632 929 forma
659 859 849 954 pervolgata
878 868 936 927 est.
981 881 1055 926 nam
1085 860 1171 944 quod
1203 860 1298 927 etiam
1331 860 1366 926 in
1401 860 1536 927 dialecto

413 963 566 1031 Boeotioa
601 983 656 1044 -ης
693 979 750 1043 pro
785 981 857 1033 -αις
892 959 1049 1025 hebemus
1085 963 1129 1037 (v.
1157 959 1302 1039 Ahrens,
1341 958 1418 1025 dial.
1449 957 1536 1025 Aeol.

413 1085 445 1147 p.
471 1062 561 1138 187),
593 1058 675 1123 haec
703 1077 767 1123 non
796 1057 902 1139 prisca
929 1055 988 1121 illa
1017 1056 1236 1140 diphthongus
1263 1062 1327 1138 est,
1364 1055 1424 1123 sed
1455 1077 1537 1123 nova

412 1158 534 1226 vocalis
562 1157 712 1222 Boeotico
744 1174 833 1221 more
866 1174 906 1219 ex
941 1177 978 1217 αι
1005 1153 1100 1219 iacta.
1144 1154 1177 1218 in
1204 1152 1284 1219 lade
1316 1160 1426 1220 autem
1458 1153 1537 1221 inter

413 1256 493 1323 duas
514 1254 588 1320 illas
610 1253 853 1319 terminationes
881 1255 984 1335 (por,
1014 1271 1089 1335 -ᾳσι
1112 1258 1145 1317 et
1166 1254 1268 1325 -αισι)
1299 1250 1353 1316 diu
1376 1258 1535 1318 certamen

411 1356 509 1421 fuisse
531 1352 657 1417 videtur
679 1371 717 1417 ae
739 1369 843 1435 paene
871 1349 1013 1415 luctatio.
1058 1355 1090 1415 et
1111 1350 1143 1413 in
1168 1368 1239 1415 eam
1262 1348 1393 1432 quidem
1415 1356 1535 1434 partem

411 1453 505 1518 huius
542 1450 687 1531 dialecti,
725 1468 820 1532 qnam
854 1446 1067 1513 Neo-Ionicae
1103 1447 1233 1512 nomine
1266 1448 1535 1530 comprehendere

412 1552 566 1630 solemus,
595 1567 681 1612 novo
701 1547 804 1611 forma
825 1567 916 1610 -αισι
937 1544 1067 1609 omnino
1089 1545 1345 1628 non-irrepsisse
1366 1543 1535 1625 videtur⁸t;

411 1647 499 1733 apud
526 1647 699 1710 Homerum
732 1663 837 1727 pauca
868 1641 1019 1726 exempla
1052 1641 1120 1708 eins
1152 1649 1296 1723 exstant,
1331 1662 1416 1725 qnae
1444 1663 1535 1727 supra

413 1751 456 1831 (p.
469 1749 543 1821 404)
559 1741 726 1825 adscripsi,
751 1741 899 1823 equibus
913 1747 1049 1824 apparet
1065 1738 1237 1805 dialectum
1261 1738 1386 1823 epicam
1402 1761 1424 1805 a
1440 1749 1534 1806 muta·

411 1845 499 1909 tione
528 1842 586 1905 ille
614 1839 728 1904 leviter
757 1837 908 1903 inchoata
937 1857 1012 1902 mox
1034 1838 1205 1904 destitisse.
1250 1857 1332 1921 quae
1354 1838 1476 1905 deinde
1497 1839 1533 1903 ab

411 1940 527 2007 Atticis
548 1958 677 2021 prorsus
699 1942 829 2018 recepta
850 1940 908 2015 est,
932 1955 1124 2018 quamquam
1143 1934 1243 2000 multo
1258 1934 1411 2001 inferiore
1432 1942 1533 2001 aetate

412 2058 506 2122 quam
528 2057 550 2101 a
572 2035 686 2101 ceteris
709 2034 857 2113 Graecis,
886 2054 950 2098 non
974 2033 1028 2098 diu
1054 2041 1130 2100 ante
1156 2033 1203 2100 Ol.
1225 2029 1306 2109 90⁰).
1352 2040 1427 2116 post
1456 2032 1533 2098 hanc

411 2142 550 2202 aetatem
573 2152 657 2216 qnae
678 2132 739 2197 buc
762 2132 925 2214 pertinent
946 2131 1068 2197 formae
1089 2131 1152 2198 bae
1174 2136 1264 2196 sunt:

498 2253 552 2328 (4.)
595 2246 777 2329 μυρίαισϋ)
806 2245 1008 2325 δρ[αχμαῖσ]ι
1029 2249 1080 2323 40,
1103 2256 1142 2309 38.
1164 2256 1195 2307 39
1219 2245 1267 2309 Ol.
1289 2242 1343 2320 89,
1367 2245 1398 2309 1.
1438 2245 1533 2325 [δρ]α-

408 2352 549 2431 χ[μ]αῒσι
579 2349 635 2428 48,
661 2358 677 2408 6
708 2345 740 2409 in
769 2344 862 2408 titulo
889 2343 1032 2408 incertae
1060 2342 1192 2425 aetatis,
1225 2342 1283 2408 sed
1313 2340 1534 2408 errorores

411 2514 613 2526 ——.—-

480 2616 500 2678 ⁵)
518 2612 569 2665 hoc
587 2624 641 2664 non
660 2608 747 2662 solum
764 2607 792 2660 in
810 2608 957 2677 scriptores
976 2622 1073 2675 prosae
1087 2606 1218 2661 orationis
1232 2606 1279 2662 sed
1295 2606 1378 2661 etiarn
1396 2608 1426 2661 in
1444 2610 1532 2677 poetas

412 2692 544 2761 elegiacos
562 2694 589 2743 et
605 2687 736 2742 iambicos
755 2686 835 2741 cadit.
871 2705 894 2741 v.
914 2686 1024 2741 Renner
1041 2686 1116 2741 Stud.
1134 2687 1156 2754 I,
1176 2692 1200 2754 1,
1219 2696 1266 2737 tos
1282 2703 1340 2756 sqq.

481 2772 502 2836 ⁶)
519 2771 571 2823 boc
589 2769 659 2824 enim
678 2768 790 2822 termino
809 2768 838 2821 in
855 2768 1047 2823 traditionibus
1060 2773 1233 2836 quaestorum
1248 2768 1388 2823 Minervae
1405 2770 1532 2839 ταμὶασιν

411 2847 568 2920 scraptae·
586 2849 786 2903 discernuntur.
818 2847 1005 2903 Kirchhoifius
1024 2864 1084 2902 cum
1101 2865 1173 2900 -urss
1190 2854 1219 2902 et
1234 2866 1295 2900 -ασι
1311 2865 1399 2919 aeque
1416 2856 1533 2906 vetustas

410 2929 512 2988 formas
534 2945 594 2985 esse
619 2934 742 2999 putaret,
769 2929 863 2984 eadem
886 2929 939 2983 bac
961 2928 1120 2999 Olympiade
1143 2929 1224 2983 etiam
1247 2946 1318 2981 -αισι
1341 2932 1533 2987 terminationis

411 3015 493 3069 vitam
509 3011 614 3066 finitam
632 3026 692 3065 esse
709 3009 814 3065 statuit.
850 3010 918 3065 haec
936 3014 1026 3064 autem
1043 3009 1207 3075 terminatio,
1225 3026 1388 3079 quamquam
1407 3012 1533 3081 *ταμίαι-

412 3114 456 3148 σιν
473 3095 501 3148 in
519 3090 709 3147 traditionibus
726 3105 860 3159 nusquam
878 3094 982 3155 exstat,
1005 3096 1093 3144 temen
1112 3091 1183 3145 inter
1200 3108 1259 3142 -ασι
1276 3097 1305 3146 et
1322 3110 1378 3148 -αις
1396 3093 1534 3149 interiecta

410 3178 495 3233 fuisse
512 3173 634 3244 putanda
651 3175 700 3227 est.
735 3173 789 3226 fuit
811 3172 893 3239 igitur
914 3171 942 3225 in
961 3188 1013 3226 usu
1034 3186 1083 3239 per
1106 3170 1188 3226 breve
1205 3172 1314 3241 aliquod
1332 3173 1454 3241 spatium
1472 3179 1534 3229 tem·

410 3258 483 3328 poris
508 3256 582 3311 circa
606 3253 646 3309 Ol.
664 3255 723 3307 90.·
742 3253 814 3307 intra
836 3267 917 3321 qnam
940 3251 1126 3322 Olympiadem
1150 3268 1211 3306 cum
1234 3259 1261 3307 et
1283 3269 1343 3305 -ασι
1367 3260 1396 3308 et
1420 3274 1475 3312 -atr
1496 3272 1534 3310 re·

410 3339 545 3407 periatur,
570 3334 645 3388 nulla
668 3349 752 3389 eausa
775 3340 830 3399 est,
858 3349 907 3387 cur
924 3332 1126 3388 Kirehhoffium
1143 3334 1230 3389 secuti
1247 3334 1356 3390 titulum
1374 3340 1408 3391 48
1426 3343 1535 3407 propter

412 3418 606 3486 [δρ]αχ[μ]αῖσι
622 3414 737 3469 formam
754 3414 783 3468 in
801 3430 832 3470 eo
851 3417 1003 3468 exstantem
1021 3414 1080 3477 „ot
1098 3416 1133 3468 90
1155 3416 1238 3485 paulo
1262 3416 1458 3485 antiquiorem
1478 3432 1534 3473 esse

412 3507 487 3553 certo
510 3495 668 3550 iudicemus.
704 3510 766 3548 nam
790 3510 823 3550 ex
846 3495 901 3560 eis,
914 3510 994 3565 ,quae
1012 3511 1097 3565 supra
1118 3496 1245 3564 exposui,
1270 3504 1386 3567 apparet
1409 3514 1460 3554 nos
1483 3505 1533 3553 ter-

410 3579 482 3633 mino
504 3578 564 3640 illo,
589 3591 666 3643 quern
690 3575 850 3631 traditiones
869 3579 1044 3645 quaestorum
1062 3576 1207 3644 praebent,
1230 3593 1285 3631 non
1303 3583 1442 3647 tamquam
1459 3596 1532 3636 muro

409 3676 494 3715 aeneo
512 3659 554 3712 nti
569 3671 657 3725 posse.

479 3742 500 3805 l)
526 3737 645 3793 dubitari
661 3743 767 3806 potest,
790 3742 880 3792 utrum
898 3738 967 3792 baec
984 3737 1072 3793 iorma
1089 3737 1217 3805 μυρίαισι
1234 3754 1270 3793 an
1287 3740 1406 3807 μυρῖᾳσι
1424 3740 1532 3810 legendo

410 3820 454 3876 sit.
496 3819 613 3887 μυρίασι
634 3818 743 3885 quidem
764 3818 823 3873 sine
846 3837 855 3869 ι
877 3818 1014 3888 adscripto
1039 3818 1222 3888 compluribus
1243 3819 1312 3874 locis
1334 3825 1442 3889 exstat,
1470 3837 1532 3891 quos

411 3915 494 3970 supra
511 3898 603 3964 attuli,
622 3904 649 3951 et
667 3901 743 3953 aetas
763 3899 835 3953 tituli
852 3904 885 3953 40
908 3914 941 3953 ea
957 3906 1011 3966 est,
1035 3900 1064 3953 in
1086 3914 1167 3968 qnam
1190 3899 1293 3954 nullum
1317 3907 1423 3956 certum
1447 3918 1532 3957 exem·

410 3982 484 4051 plum
503 3995 573 4030 -αισι
595 3978 791 4034 terminationis
817 3981 904 4034 cadat.
941 3986 1023 4048 atque
1040 3995 1102 4034 cum
1118 3980 1147 4033 in
1164 3980 1258 4034 eodem
1281 3980 1362 4036 titulo
1388 3983 1532 4039 babeamus

409 4065 472 4126 τῆσι
490 4067 518 4117 et
535 4058 564 4112 ἐν
583 4063 656 4124 tripu
680 4061 817 4124 στήλῃσι,
845 4060 962 4116 fortasse
983 4078 1032 4131 pro
1058 4060 1248 4129 δρ[αχμαῖσ]ιν
1270 4077 1373 4131 ponere
1390 4078 1531 4133 possumus

410 4142 589 4213 ‹tppqppopv
615 4140 707 4195 eodem
733 4156 844 4196 numero
870 4141 1018 4197 literarum.
1054 4149 1173 4196 ceterum
1198 4146 1257 4195 tota
1282 4142 1351 4197 haec
1378 4159 1422 4199 res
1449 4158 1531 4213 neque

411 4223 500 4291 magni
522 4220 650 4275 momenti
667 4226 708 4275 est
731 4228 758 4276 et
781 4223 846 4276 satis
868 4223 984 4289 incerta,
1011 4221 1076 4291 quia
1099 4238 1159 4288 -ςισι
1181 4222 1378 4279 terminationis
1402 4222 1531 4294 pristinae
1595 4227 1597 4232 '

410 4302 530 4372 alioquin
547 4302 652 4355 nullum
669 4302 820 4370 exemplum
837 4307 936 4358 exstat
