3575 5334
333 683 395 745 108
846 683 948 738 Glemm

284 927 287 932 ,
417 860 486 925 Νοο
506 857 663 924 feliciores
685 858 706 921 ii
728 856 872 937 fuerunt,
896 858 948 939 qni
972 852 1142 941 ἅγέρωχος
1164 876 1230 923 non
1251 877 1310 941 pro
1333 877 1460 941 eompo-

277 1012 285 1024 ,
331 958 393 1023 sito
423 957 578 1021 vocabulo
607 954 787 1021 habuerunt
815 955 873 1022 sed
902 977 958 1039 pro
988 956 1140 1040 simpliei3
1174 975 1235 1037 quo
1263 956 1298 1019 in
1327 974 1462 1021 numero

331 1056 468 1138 primum
505 1052 634 1119 nomino
671 1057 702 1131 a)
741 1053 993 1136 Boettieherum,
1031 1056 1085 1136 qui
1122 1053 1225 1136 spicil.
1257 1072 1327 1117 voe.
1367 1051 1459 1117 Hom.

332 1174 363 1235 p.
387 1157 500 1234 8sqq.,
530 1171 589 1216 usu
612 1149 744 1234 epitheti
767 1152 946 1217 accuratius
967 1151 1125 1217 illustrato
1147 1150 1191 1215 ad
1212 1151 1346 1217 verbum
1376 1148 1459 1233 quod

331 1248 423 1333 fingit
461 1245 594 1333 ἄγέρειν
637 1248 779 1331 confugit
818 1251 912 1331 eique
950 1248 1216 1331 significationem
1251 1248 1364 1313 tribuit
1396 1267 1461 1312 mo·

331 1348 439 1414 vendi.
483 1346 564 1411 Inde
586 1365 644 1429 per
665 1346 923 1412 terminationem
945 1346 1081 1412 similem
1104 1345 1134 1412 ei
1162 1366 1258 1429 quam
1287 1344 1461 1411 exhibeant

331 1445 494 1529 adjectiva
523 1443 641 1508 Latina
670 1443 791 1525 „ier0x‚
820 1444 941 1509 hihax“
969 1439 1138 1530 ἀγέρωχος
1165 1443 1339 1529 propagari
1366 1443 1459 1526 quod,

332 1563 404 1607 eum
434 1543 476 1607 ab
503 1542 594 1607 initio
626 1540 804 1622 agilitatem
833 1561 871 1607 ao
899 1541 1108 1607 mobilitatem
1137 1542 1311 1625 exprimat,
1345 1541 1459 1607 autin

333 1642 451 1708 honam
474 1645 597 1723 partem
622 1658 809 1703 conversum
833 1639 874 1704 sit
895 1647 952 1704 aut
978 1640 1013 1702 in
1041 1640 1188 1704 malamz·
1213 1640 1344 1721 „fortis,
1372 1658 1460 1724 prae·

334 1756 425 1815 sens,
458 1735 574 1801 vivus“
603 1742 635 1801 et
662 1736 894 1819 „impetuosus‚
925 1738 1091 1820 petulans,
1121 1737 1293 1802 lascivus“.
1345 1735 1461 1801 Credat

334 1834 384 1900 oui
419 1835 509 1899 lubet
543 1833 629 1915 quod
663 1834 883 1901 Boettieherus
918 1834 1128 1916 exeogitavit,
1163 1854 1222 1900 nos
1253 1833 1460 1899 novissimam

334 1930 555 1997 Sehmalleldii
590 1933 836 2015 explicationem
865 1930 1042 2014 digniorem
1076 1932 1233 1997 habemus
1263 1951 1361 2013 quam
1395 1930 1461 1995 bre·

335 2029 416 2094 viter
439 2030 669 2095 examinemus,

420 2144 451 2218 b)
480 2143 513 2208 Is
536 2143 621 2209 enim
650 2144 776 2226 glossas
798 2142 953 2225 quasdam
976 2143 1198 2227 Hesychianas
1219 2142 1365 2208 nondum
1387 2142 1462 2208 satis

334 2240 516 2307 intellectas
537 2240 580 2306 ad
602 2241 829 2307 illustrandum
851 2240 1042 2305 vocabulum
1061 2239 1195 2306 adhibet
1216 2242 1268 2306 vel
1290 2240 1400 2324 potius
1420 2238 1460 2304 ad

335 2339 468 2403 formam
492 2334 611 2425 ἀγερός
633 2338 851 2421 probandam,
881 2337 969 2402 unde
997 2357 1054 2420 per
1082 2339 1326 2403 terminationes
1355 2338 1460 2403 neseio

335 2456 414 2517 quas
438 2433 608 2519 ἀγέρωχος
637 2436 732 2500 iaeile
761 2435 901 2501 derivari
930 2454 1025 2517 posse
1047 2435 1108 2500 sibi
1130 2434 1300 2518 persuasit.
1345 2435 1459 2501 Verum

335 2534 436 2598 satius
476 2538 546 2597 erat
580 2538 728 2614 corrupta
757 2532 814 2596 illa
839 2532 995 2615 Hesychii
1032 2533 1132 2598 verba
1167 2533 1341 2599 emendare
1378 2533 1460 2597 nolle

336 2650 432 2712 quam
463 2629 549 2693 male
577 2629 725 2694 norreotis
754 2629 851 2694 abuti.
905 2631 954 2693 En
984 2630 1085 2696 habes
1113 2632 1255 2695 tabulam
1285 2631 1460 2714 glossarum

335 2746 407 2792 oum
431 2724 710 2791 emendationibus
733 2726 972 2791 Sehmalleldii:

335 2870 498 2947 ἀγεροὺατο·
517 2871 649 2943 ἠμέλησεν
927 2871 1080 2947 ἆγερώατο·
1099 2872 1234 2943 ἠμέλησαν

334 2950 502 3027 οἷγέροσπον·
521 2950 640 3007 σπάνιον
926 2952 1092 3028 ἆγέροπτον·
1110 2952 1251 3025 βάσκανον

335 3032 496 3107 ἀγέραστος·
517 3030 531 3086 ὁ
550 3041 675 3087 σπανίως
692 3031 840 3107 ἐρχόμενος,
859 3032 876 3103 ἢ
926 3033 1082 3109 ἇνέροπτοε,
1100 3031 1114 3090 ὁ
1132 3041 1272 3105 βασκανίᾳ
1286 3032 1461 3109 χρώμενοε,ἢ

601 3111 773 3188 ὑπερήφανος
1192 3111 1366 3189 ὑπερήφανος

335 3192 494 3269 ἀγερύτττει·
519 3198 617 3268 ἐφορᾷ,
641 3193 785 3250 ἀσπαστὸν
806 3191 875 3269 ἡγεῖ·
926 3194 1077 3271 ἇγερονπεῖ·
1107 3193 1209 3271 ἀφορᾷ,
1240 3194 1289 3251 οὐκ
1320 3195 1462 3253 ἀσπαστὸν

726 3297 773 3329 τοι
1260 3274 1366 3351 ἡγεῖται

335 3352 506 3427 ἀγερώσατο·
526 3351 657 3423 ἠθέτησε,
676 3354 840 3428 διεψεύσατο
927 3356 1097 3433 ἆγερώσατο·
1116 3354 1243 3427 iubeamus,
1262 3356 1427 3431 διεψεύσατο

336 3430 500 3507 ἆγερώσσει·
518 3431 658 3507 ἀγρυπνεῖ,
676 3433 774 3491 ἀθετεῖ
927 3436 1072 3513 ἅγρνττνεῖ·
1090 3435 1234 3512 (Ξγεριοπεῖ,
1253 3436 1360 3495 ἀθετεῖ.

336 3574 400 3637 Tot
428 3578 597 3655 tantasque
632 3575 826 3641 mutationes
854 3576 1103 3642 Sehmalleldius
1137 3578 1348 3643 subtilissima
1377 3599 1464 3662 argu·

336 3670 535 3735 mentatione
564 3691 601 3737 eo
625 3676 758 3739 consilio
785 3673 896 3756 elficit,
925 3682 959 3738 ut
988 3693 1099 3739 omnes
1127 3677 1254 3757 glossas
1281 3676 1324 3740 ab
1353 3676 1464 3743 eodem

337 3762 457 3850 ἅτερός
480 3766 641 3848 adjectivo
666 3769 789 3838 derivet
810 3770 912 3854 quod,
943 3791 1014 3836 oum
1036 3773 1077 3837 ab
1100 3772 1191 3837 initio
1213 3772 1309 3837 fuerit
1337 3776 1464 3854 „mirus

336 3863 523 3945 mirabilis“‚
562 3867 595 3931 in
629 3873 794 3952 utramque
828 3876 952 3952 partem
986 3869 1027 3935 sit
1060 3889 1260 3935 conversum.
1314 3872 1466 3937 Miramur

338 3963 423 4029 enim
446 3983 509 4028 non
533 3965 636 4028 solum
652 3964 685 4030 id
701 3965 786 4048 quod
808 3965 1006 4032 admiramur
1027 3965 1085 4033 sed
1108 3966 1204 4032 etiam
1226 3967 1260 4032 in
1283 3987 1346 4049 quo
1370 3970 1466 4035 offen·

337 4060 450 4125 dimus.
503 4061 620 4127 Verum
655 4063 818 4130 enimvero
853 4064 932 4129 mihi
961 4063 1089 4147 quidem
1116 4062 1360 4132 emendationes
1393 4087 1468 4133 suas

337 4178 402 4222 non
424 4157 574 4240 probavit
596 4158 654 4224 sed
676 4161 792 4226 rectius
809 4160 976 4244 judicasse
998 4161 1126 4227 videtur
1149 4163 1248 4225 Maur.
1269 4160 1468 4229 Schmidtins

338 4254 413 4336 qui,
444 4274 514 4319 oum
546 4256 668 4321 nullam
697 4257 825 4323 illarum
847 4258 1026 4340 glossarum
1056 4260 1169 4341 quales
1190 4277 1276 4322 nune
1297 4260 1469 4326 traduntur
