3575 5334
333 667 373 728 72
853 670 955 725 cmmm

422 846 471 919 12)
507 837 745 927 ἀδάκρυτος

335 963 459 1029 duobus
481 961 560 1027 locis
583 960 772 1044 Sophocleis
794 982 851 1044 pro
881 957 1204 1044 πολυδάκρυτος
1225 962 1352 1045 positum
1371 975 1426 1024 estc

334 1062 513 1127 voluerunt.
544 1059 701 1124 Nimirum
717 1060 955 1126 usitatissimam
971 1058 1203 1142 adjectivorum
1225 1057 1374 1143 prolepsin
1386 1054 1425 1120 isti

334 1178 399 1223 non
420 1158 665 1239 intellexerunt,
690 1176 771 1240 quae
794 1157 910 1239 legitur
933 1156 1048 1222 Trach.
1073 1159 1132 1221 108
1161 1152 1281 1221 οὔποτ’
1305 1150 1427 1232 sindico

334 1252 529 1338 ἄδακρύτων
557 1251 739 1340 βλεφάρων
767 1252 882 1317 πόθον
906 1253 926 1318 1.
950 1271 977 1318 e.
1007 1249 1090 1329 ὥςτε
1117 1249 1288 1336 ἀδάκρυτα
1315 1246 1429 1317 11111111

334 1372 430 1419 sensu
452 1352 582 1435 passivo
605 1352 680 1417 Ant
704 1354 765 1416 882
790 1349 849 1414 τὸν
874 1348 908 1413 d’
933 1347 1014 1431 ἐμὸν
1037 1347 1168 1432 πότμου
1192 1347 1368 1435 ἀδάκρυτον
1387 1342 1429 1410 οὗ·

337 1448 408 1526 δεὶς
430 1447 539 1533 φίλων
563 1446 725 1527 στενάζει.
766 1450 816 1514 Ex
838 1468 900 1532 quo
923 1467 1032 1513 veram
1048 1448 1203 1514 rationem
1226 1438 1429 1529 interpretandi

336 1547 539 1613 Hermannus
569 1545 816 1626 demonstrauit,
848 1565 943 1612 nemo
966 1545 1113 1610 dubitare
1135 1552 1241 1629 potest
1262 1545 1335 1628 quin
1354 1539 1433 1625 alpha

335 1645 377 1710 sit
408 1641 610 1726 privativum.
656 1642 714 1708 Off.
746 1642 786 1709 de
814 1643 875 1708 ha'o
904 1643 1045 1727 prolepsi
1074 1644 1153 1707 Lob.
1182 1642 1226 1708 ad
1251 1642 1301 1725 Aj.
1329 1662 1357 1724 p.
1377 1638 1432 1715 299,

335 1741 445 1806 Herm.
462 1739 504 1805 ad
519 1741 589 1822 Vig.
605 1762 636 1825 p.
655 1743 726 1821 891,
749 1740 990 1825 Bernhardyus,
1014 1748 1097 1825 synt.
1114 1761 1144 1823 p.
1162 1744 1233 1821 428,
1258 1739 1435 1812 Kuehnems,

336 1859 384 1922 gr.
407 1838 505 1921 ampl.
534 1838 584 1902 ΙΙ2
607 1841 668 1903 236
696 1836 852 1920 multique
881 1838 1017 1904 aliorum
1045 1838 1234 1921 scriptorum
1260 1838 1435 1921 interpretes.

424 1960 475 2029 13)
511 1950 669 2041 ἄδηλος

335 2066 422 2132 idem
446 2086 515 2132 esse
538 2064 623 2148 qnod
647 2062 787 2151 εὔδηλσς
808 2067 1000 2149 interpretes
1021 2072 1215 2150 putaverunt
1237 2066 1323 2151 apud
1337 2066 1437 2131 Artem.

337 2162 445 2231 Oneir.
468 2164 499 2227 II
522 2166 560 2229 37
591 2159 716 2249 ἄδηλος
740 2161 776 2228 δὲ
802 2160 819 2226 ὁ
839 2162 940 2248 λόγος
962 2174 1035 2239 τοῖς
1062 2168 1289 2250 μεμυημένοις
1310 2168 1350 2249 τῇ
1369 2161 1439 2242 θεῷ·

337 2260 431 2341 Quod
452 2261 565 2325 mimm
589 2267 689 2340 esset,
719 2260 745 2326 si
768 2260 814 2324 ita
836 2280 871 2326 se
893 2262 1041 2341 haberet,
1070 2259 1127 2326 sed
1153 2261 1299 2343 speciose
1319 2257 1438 2325 Doeder-

334 2359 419 2424 linus
448 2357 586 2439 conjecit
618 2354 704 2439 πλήν
736 2359 788 2422 vel
818 2355 849 2422 si
876 2356 923 2444 μή
955 2358 1114 2424 excidisse
1145 2364 1219 2440 post
1252 2356 1363 2442 λόγος,
1390 2348 1440 2420 nisi

334 2456 451 2519 rectius
488 2454 669 2519 Hercherus
705 2473 776 2517 cum
812 2455 983 2521 Meinekeo
1020 2452 1159 2540 addolor
1195 2455 1325 2538 recepit.
1371 2452 1440 2518 Hen-

335 2552 472 2618 nickeus
504 2551 605 2615 abusu
643 2549 783 2631 quodam
815 2552 868 2617 vel
905 2552 1010 2635 potius
1043 2571 1149 2618 errore
1182 2552 1355 2618 adductum
1384 2560 1443 2616 esst

337 2647 572 2714 Artemidorum
606 2648 755 2729 opinatur
786 2655 821 2711 ut
853 2644 977 2734 ἄδηλος
1004 2649 1165 2715 intensive
1189 2669 1286 2716 sensu
1317 2646 1457 2733 poneret

337 2742 596 2827 quandoquidem
632 2744 686 2809 vel
718 2744 830 2827 optimi
865 2746 933 2812 sive
968 2746 1093 2812 classici
1126 2766 1205 2827 quos
1237 2753 1354 2813 vocant
1383 2738 1443 2810 scri·

336 2850 445 2925 ptores
473 2840 605 2905 vocibus
626 2840 712 2905 male
740 2841 913 2909 intellectis
935 2843 1021 2907 male
1042 2842 1090 2908 usi
1113 2842 1186 2907 sint.
1227 2843 1296 2910 Hoc
1317 2850 1380 2911 esto
1399 2854 1443 2904 ve·

337 2959 423 3019 rum,
445 2936 503 3003 sed
532 2957 593 3020 quo
621 2936 716 3002 modo
745 2936 812 3003 fieri
839 2939 982 3021 potuisse
1004 2955 1192 3005 censeamus
1214 2947 1249 3006 ut
1270 2940 1444 3007 vocabulum

334 3034 535 3101 notissimum
573 3035 708 3118 scriptor
743 3034 860 3115 aliquis
892 3035 926 3100 in
960 3035 1153 3102 contrarium
1189 3056 1319 3103 sensum
1351 3033 1444 3119 neglc·

333 3138 447 3216 genter
468 3130 650 3199 deflecteret
671 3132 741 3197 loco
768 3132 968 3214 potissimum
993 3140 1058 3199 tam
1081 3133 1252 3216 ambiguae
1273 3135 1445 3219 interpreta-

336 3229 455 3296 tionis?
492 3229 610 3296 Credat
633 3229 683 3295 cui
706 3229 804 3294 lubet.

425 3342 761 3430 141Ἀόράστειο.

337 3456 466 3521 Gornut
491 3455 532 3521 de
553 3462 618 3520 nat
635 3456 720 3521 deor.
741 3459 777 3521 13
801 3457 864 3536 (ed
880 3455 1013 3532 Osann.)
1042 3454 1291 3542 Ἀδράστεια”
1271 3483 1345 3545 pror
1365 3449 1446 3539 παρὰ

336 3552 375 3618 τὸ
396 3550 623 3639 σἰυέκφευκτος
646 3554 704 3617 καὶ
726 3549 986 3637 ἀνακτόόραστος
1009 3550 1144 3621 εἶναι’
1119 3580 1199 3638 curor
1201 3579 1257 3622 roro
1257 3562 1387 3644 μέυη..
1402 3573 1445 3663 Ap

336 3651 396 3715 τοῦ
420 3654 652 3735 στερητικοῦ1
639 3655 759 3734 μορίου
774 3656 832 3715 νῦν
846 3675 885 3714 το
874 3649 1007 3717 πολὺ
1030 3581 1352 3738 ἒπιόηλοῦιντσςᾙως
1366 3650 1445 3806 1111

335 3742 457 3831 ἆξυλῳ
480 3742 570 3832 111ῃῖ
592 3744 971 3832 πολυδράστεια
926 3772 989 3832 γαρ
1007 3747 1089 3815 ἔστι.
1127 3750 1235 3817 Schol.
1250 3751 1325 3816 Plat
1326 3802 1334 3816 .
1312 3746 1442 3835 111161

338 3844 480 3926 Ruhnk„
503 3844 642 3929 Hesych.
668 3840 761 3929 Ἀδρ.
785 3841 805 3931 ἡ
829 3851 994 3927 Νέμεσις,
1023 3842 1063 3931 ἣν
1086 3842 1145 3912 οὐκ
1169 3839 1285 3925 ἄν’τις
1308 3839 1448 3928 ἀποδρά·

339 3964 439 4020 octav,
469 3938 560 4021 [ἀπὸ]
579 3938 784 4025 Ἀδράστου,
815 3940 852 4019 ὃς
881 3949 1018 4027 πρῶτος
1048 3942 1139 4028 ἱερὸν
1160 3950 1343 4027 Νεμέσεως
1367 3936 1448 4027 idpd‘

338 4061 430 4104 σοτο.
476 4038 630 4104 Similiter
657 4039 746 4105 Suid.
771 4046 802 4105 et
823 4041 872 4105 Et.
896 4042 1002 4123 Magn.
1028 4062 1059 4124 p.
1084 4044 1161 4123 663,
1185 4046 1214 4108 8.
1261 4042 1446 4109 Vocabulum

336 4134 473 4217 primum
501 4136 618 4218 legitur
645 4136 733 4219 apud
755 4137 870 4204 Aesoh.
901 4139 1004 4203 Prom.
1028 4141 1090 4202 972
1119 4139 1174 4204 ubi
1202 4141 1304 4206 multa
1331 4134 1449 4219 collegit

335 4231 571 4313 Blomfieldius‚
608 4239 640 4299 et
668 4233 807 4299 dubitari
835 4235 946 4317 nequit
976 4236 1051 4319 quin
1079 4235 1121 4301 ab
1154 4231 1323 4321 ἄδραστος
1348 4251 1446 4304 socun-
