<?xml version="1.0" encoding="UTF-8"?>
<!DOCTYPE html PUBLIC "-//W3C//DTD XHTML 1.0 Transitional//EN"
    "http://www.w3.org/TR/xhtml1/DTD/xhtml1-transitional.dtd">
<html xmlns="http://www.w3.org/1999/xhtml" xml:lang="en" lang="en">
 <head>
  <title>
</title>
<meta http-equiv="Content-Type" content="text/html;charset=utf-8" />
  <meta name='ocr-system' content='tesseract 3.04.00' />
  <meta name='ocr-capabilities' content='ocr_page ocr_carea ocr_par ocr_line ocrx_word'/>
</head>
<body>
  <div class='ocr_page' id='page_1' title='image "./studienzurgriec00curtgoog_0433.png"; bbox 0 0 3575 5334; ppageno 0'>
   <div class='ocr_carea' id='block_1_1' title="bbox 549 692 1366 756">
    <p class='ocr_par' dir='ltr' id='par_1_1' title="bbox 549 692 1366 756">
     <span class='ocr_line' id='line_1_1' title="bbox 549 692 1366 756; baseline 0.011 -10"><span class='ocrx_word' id='word_1_1' title='bbox 549 692 581 747; x_wconf 93' lang='lat' dir='ltr'>de</span> <span class='ocrx_word' id='word_1_2' title='bbox 599 693 714 748; x_wconf 84' lang='lat' dir='ltr'>dialecto</span> <span class='ocrx_word' id='word_1_3' title='bbox 732 694 825 748; x_wconf 83' lang='lat' dir='ltr'>Attica</span> <span class='ocrx_word' id='word_1_4' title='bbox 841 696 995 750; x_wconf 87' lang='lat' dir='ltr'>vetustiore.</span> <span class='ocrx_word' id='word_1_5' title='bbox 1030 696 1064 750; x_wconf 90' lang='grc' dir='ltr'>ΙΙ.</span> <span class='ocrx_word' id='word_1_6' title='bbox 1305 693 1366 756; x_wconf 76' lang='lat'>423</span> 
     </span>
    </p>
   </div>
   <div class='ocr_carea' id='block_1_2' title="bbox 243 861 1367 950">
    <p class='ocr_par' dir='ltr' id='par_1_2' title="bbox 243 861 1367 950">
     <span class='ocr_line' id='line_1_2' title="bbox 243 861 1367 950; baseline 0.005 -23"><span class='ocrx_word' id='word_1_7' title='bbox 243 861 375 927; x_wconf 86' lang='lat' dir='ltr'><strong>studuit.</strong></span> <span class='ocrx_word' id='word_1_8' title='bbox 419 862 477 928; x_wconf 85' lang='lat' dir='ltr'>se&#39;d</span> <span class='ocrx_word' id='word_1_9' title='bbox 499 863 589 927; x_wconf 92' lang='lat' dir='ltr'>nullo</span> <span class='ocrx_word' id='word_1_10' title='bbox 612 883 721 929; x_wconf 87' lang='lat' dir='ltr'>eorum</span> <span class='ocrx_word' id='word_1_11' title='bbox 744 864 895 946; x_wconf 79' lang='lat' dir='ltr'>lotorum,</span> <span class='ocrx_word' id='word_1_12' title='bbox 920 887 999 949; x_wconf 88' lang='lat' dir='ltr'>quos</span> <span class='ocrx_word' id='word_1_13' title='bbox 1021 866 1132 934; x_wconf 88' lang='lat' dir='ltr'>laudat</span> <span class='ocrx_word' id='word_1_14' title='bbox 1154 868 1277 950; x_wconf 76' lang='lat' dir='ltr'>(Cobet,</span> <span class='ocrx_word' id='word_1_15' title='bbox 1300 889 1367 935; x_wconf 89' lang='lat' dir='ltr'>var.</span> 
     </span>
    </p>
   </div>
   <div class='ocr_carea' id='block_1_3' title="bbox 243 961 1369 1145">
    <p class='ocr_par' dir='ltr' id='par_1_3' title="bbox 243 961 1369 1145">
     <span class='ocr_line' id='line_1_3' title="bbox 243 961 1369 1047; baseline 0.007 -23"><span class='ocrx_word' id='word_1_16' title='bbox 243 961 317 1025; x_wconf 86' lang='lat' dir='ltr'>leot.</span> <span class='ocrx_word' id='word_1_17' title='bbox 341 962 392 1025; x_wconf 85' lang='grc'>83.</span> <span class='ocrx_word' id='word_1_18' title='bbox 420 980 494 1025; x_wconf 89' lang='lat' dir='ltr'>nov.</span> <span class='ocrx_word' id='word_1_19' title='bbox 517 961 588 1026; x_wconf 89' lang='lat' dir='ltr'>leot.</span> <span class='ocrx_word' id='word_1_20' title='bbox 613 964 685 1025; x_wconf 81' lang='lat'><strong>529.</strong></span> <span class='ocrx_word' id='word_1_21' title='bbox 715 963 754 1027; x_wconf 89' lang='lat' dir='ltr'>K.</span> <span class='ocrx_word' id='word_1_22' title='bbox 778 962 863 1044; x_wconf 82' lang='lat' dir='ltr'>Keil,</span> <span class='ocrx_word' id='word_1_23' title='bbox 886 964 1003 1030; x_wconf 90' lang='lat' dir='ltr'>Philol.</span> <span class='ocrx_word' id='word_1_24' title='bbox 1024 969 1075 1047; x_wconf 82' lang='lat'>23,</span> <span class='ocrx_word' id='word_1_25' title='bbox 1098 968 1153 1043; x_wconf 71' lang='lat'>257)</span> <span class='ocrx_word' id='word_1_26' title='bbox 1175 966 1242 1031; x_wconf 86' lang='lat' dir='ltr'>alia</span> <span class='ocrx_word' id='word_1_27' title='bbox 1264 985 1369 1032; x_wconf 86' lang='lat' dir='ltr'>exem·</span> 
     </span>
     <span class='ocr_line' id='line_1_4' title="bbox 243 1056 1368 1145; baseline 0.005 -24"><span class='ocrx_word' id='word_1_28' title='bbox 243 1056 300 1139; x_wconf 88' lang='lat' dir='ltr'>pla</span> <span class='ocrx_word' id='word_1_29' title='bbox 327 1056 429 1122; x_wconf 86' lang='lat' dir='ltr'>allata</span> <span class='ocrx_word' id='word_1_30' title='bbox 457 1064 530 1123; x_wconf 88' lang='lat' dir='ltr'>sunt</span> <span class='ocrx_word' id='word_1_31' title='bbox 564 1058 626 1123; x_wconf 90' lang='lat' dir='ltr'>nisi</span> <span class='ocrx_word' id='word_1_32' title='bbox 659 1076 713 1140; x_wconf 87' lang='lat' dir='ltr'>ea,</span> <span class='ocrx_word' id='word_1_33' title='bbox 752 1079 834 1141; x_wconf 89' lang='lat' dir='ltr'>quae</span> <span class='ocrx_word' id='word_1_34' title='bbox 864 1081 905 1127; x_wconf 83' lang='lat' dir='ltr'>ex</span> <span class='ocrx_word' id='word_1_35' title='bbox 934 1060 1149 1128; x_wconf 79' lang='lat' dir='ltr'>declinatione</span> <span class='ocrx_word' id='word_1_36' title='bbox 1180 1064 1270 1129; x_wconf 90' lang='lat' dir='ltr'>verbi</span> <span class='ocrx_word' id='word_1_37' title='bbox 1304 1062 1368 1145; x_wconf 76' lang='grc' dir='ltr'>δέω</span> 
     </span>
    </p>
   </div>
   <div class='ocr_carea' id='block_1_4' title="bbox 243 1153 1368 1335">
    <p class='ocr_par' dir='ltr' id='par_1_4' title="bbox 243 1153 1368 1335">
     <span class='ocr_line' id='line_1_5' title="bbox 244 1153 1368 1240; baseline 0.008 -25"><span class='ocrx_word' id='word_1_38' title='bbox 244 1154 331 1235; x_wconf 77' lang='lat' dir='ltr'>(tipo)</span> <span class='ocrx_word' id='word_1_39' title='bbox 372 1153 475 1237; x_wconf 92' lang='lat' dir='ltr'>repeti</span> <span class='ocrx_word' id='word_1_40' title='bbox 509 1161 658 1236; x_wconf 83' lang='lat' dir='ltr'><strong>possunt,</strong></span> <span class='ocrx_word' id='word_1_41' title='bbox 704 1157 788 1238; x_wconf 87' lang='lat' dir='ltr'>quod</span> <span class='ocrx_word' id='word_1_42' title='bbox 823 1157 949 1240; x_wconf 83' lang='lat' dir='ltr'>legibus</span> <span class='ocrx_word' id='word_1_43' title='bbox 983 1165 1159 1225; x_wconf 88' lang='lat' dir='ltr'>oeterorum</span> <span class='ocrx_word' id='word_1_44' title='bbox 1198 1161 1368 1226; x_wconf 86' lang='lat' dir='ltr'>verborum</span> 
     </span>
     <span class='ocr_line' id='line_1_6' title="bbox 243 1250 1368 1335; baseline 0.005 -20"><span class='ocrx_word' id='word_1_45' title='bbox 243 1250 476 1335; x_wconf 86' lang='lat' dir='ltr'>primitivorum</span> <span class='ocrx_word' id='word_1_46' title='bbox 510 1250 547 1329; x_wconf 84' lang='lat' dir='ltr'>(si</span> <span class='ocrx_word' id='word_1_47' title='bbox 580 1251 655 1316; x_wconf 88' lang='lat' dir='ltr'>licet</span> <span class='ocrx_word' id='word_1_48' title='bbox 683 1253 743 1318; x_wconf 88' lang='lat' dir='ltr'>hoo</span> <span class='ocrx_word' id='word_1_49' title='bbox 772 1255 929 1320; x_wconf 78' lang='lat' dir='ltr'>vobabulo</span> <span class='ocrx_word' id='word_1_50' title='bbox 958 1256 1014 1333; x_wconf 88' lang='lat' dir='ltr'>uti)</span> <span class='ocrx_word' id='word_1_51' title='bbox 1048 1257 1082 1320; x_wconf 92' lang='lat' dir='ltr'>in</span> <span class='ocrx_word' id='word_1_52' title='bbox 1111 1260 1154 1320; x_wconf 85' lang='grc' dir='ltr'>έω</span> <span class='ocrx_word' id='word_1_53' title='bbox 1183 1258 1368 1324; x_wconf 82' lang='lat' dir='ltr'><strong>exeuntium</strong></span> 
     </span>
    </p>
   </div>
   <div class='ocr_carea' id='block_1_5' title="bbox 244 1348 1369 1435">
    <p class='ocr_par' dir='ltr' id='par_1_5' title="bbox 244 1348 1369 1435">
     <span class='ocr_line' id='line_1_7' title="bbox 244 1348 1369 1435; baseline 0.004 -21"><span class='ocrx_word' id='word_1_54' title='bbox 244 1354 427 1432; x_wconf 88' lang='lat' dir='ltr'>exemptum</span> <span class='ocrx_word' id='word_1_55' title='bbox 461 1367 532 1415; x_wconf 91' lang='lat' dir='ltr'>esse</span> <span class='ocrx_word' id='word_1_56' title='bbox 564 1348 629 1413; x_wconf 86' lang='lat' dir='ltr'>ianr</span> <span class='ocrx_word' id='word_1_57' title='bbox 663 1350 782 1415; x_wconf 91' lang='lat' dir='ltr'>dudum</span> <span class='ocrx_word' id='word_1_58' title='bbox 814 1359 954 1435; x_wconf 84' lang='lat' dir='ltr'>eonstat3</span> <span class='ocrx_word' id='word_1_59' title='bbox 986 1353 1025 1418; x_wconf 88' lang='lat' dir='ltr'>oi.</span> <span class='ocrx_word' id='word_1_60' title='bbox 1058 1353 1223 1421; x_wconf 87' lang='lat' dir='ltr'>Kuehneri</span> <span class='ocrx_word' id='word_1_61' title='bbox 1259 1354 1369 1432; x_wconf 78' lang='lat' dir='ltr'>„Aust</span> 
     </span>
    </p>
   </div>
   <div class='ocr_carea' id='block_1_6' title="bbox 245 1445 1485 1535">
    <p class='ocr_par' dir='ltr' id='par_1_6' title="bbox 245 1445 1485 1535">
     <span class='ocr_line' id='line_1_8' title="bbox 245 1445 1485 1535; baseline 0.003 -25"><span class='ocrx_word' id='word_1_62' title='bbox 245 1445 433 1511; x_wconf 77' lang='lat' dir='ltr'>Gramm.“²</span> <span class='ocrx_word' id='word_1_63' title='bbox 461 1446 493 1526; x_wconf 95' lang='grc' dir='ltr'>Ι,</span> <span class='ocrx_word' id='word_1_64' title='bbox 527 1467 558 1529; x_wconf 91' lang='lat' dir='ltr'>p.</span> <span class='ocrx_word' id='word_1_65' title='bbox 583 1448 653 1512; x_wconf 81' lang='lat'><strong>598.</strong></span> <span class='ocrx_word' id='word_1_66' title='bbox 699 1447 783 1530; x_wconf 91' lang='lat' dir='ltr'>quod</span> <span class='ocrx_word' id='word_1_67' title='bbox 817 1468 880 1531; x_wconf 92' lang='lat' dir='ltr'>quo</span> <span class='ocrx_word' id='word_1_68' title='bbox 914 1452 1043 1516; x_wconf 92' lang='lat' dir='ltr'>nomine</span> <span class='ocrx_word' id='word_1_69' title='bbox 1074 1452 1135 1516; x_wconf 88' lang='lat' dir='ltr'>hoo</span> <span class='ocrx_word' id='word_1_70' title='bbox 1167 1450 1369 1535; x_wconf 83' lang='lat' dir='ltr'>privilegium</span> <span class='ocrx_word' id='word_1_71' title='bbox 1483 1486 1485 1491; x_wconf 95' lang='lat'>·</span> 
     </span>
    </p>
   </div>
   <div class='ocr_carea' id='block_1_7' title="bbox 244 1542 1371 2697">
    <p class='ocr_par' dir='ltr' id='par_1_7' title="bbox 244 1542 1371 2697">
     <span class='ocr_line' id='line_1_9' title="bbox 245 1542 1369 1627; baseline 0.003 -19"><span class='ocrx_word' id='word_1_72' title='bbox 245 1543 397 1627; x_wconf 87' lang='lat' dir='ltr'>adeptum</span> <span class='ocrx_word' id='word_1_73' title='bbox 420 1542 476 1623; x_wconf 88' lang='lat' dir='ltr'>sit,</span> <span class='ocrx_word' id='word_1_74' title='bbox 506 1542 648 1607; x_wconf 89' lang='lat' dir='ltr'>nondum</span> <span class='ocrx_word' id='word_1_75' title='bbox 677 1543 830 1611; x_wconf 75' lang='lat' dir='ltr'>intellexi.</span> <span class='ocrx_word' id='word_1_76' title='bbox 876 1553 962 1612; x_wconf 87' lang='lat' dir='ltr'>oerte</span> <span class='ocrx_word' id='word_1_77' title='bbox 989 1547 1070 1614; x_wconf 85' lang='lat' dir='ltr'>haee</span> <span class='ocrx_word' id='word_1_78' title='bbox 1091 1568 1189 1614; x_wconf 87' lang='lat' dir='ltr'>eausa</span> <span class='ocrx_word' id='word_1_79' title='bbox 1211 1568 1282 1614; x_wconf 91' lang='lat' dir='ltr'>esse</span> <span class='ocrx_word' id='word_1_80' title='bbox 1304 1567 1369 1612; x_wconf 92' lang='lat' dir='ltr'>non</span> 
     </span>
     <span class='ocr_line' id='line_1_10' title="bbox 246 1638 1370 1727; baseline 0.004 -22"><span class='ocrx_word' id='word_1_81' title='bbox 246 1638 357 1722; x_wconf 83' lang='lat' dir='ltr'>debet,</span> <span class='ocrx_word' id='word_1_82' title='bbox 381 1659 436 1704; x_wconf 85' lang='lat' dir='ltr'>eur</span> <span class='ocrx_word' id='word_1_83' title='bbox 458 1639 554 1705; x_wconf 85' lang='lat' dir='ltr'>etiam</span> <span class='ocrx_word' id='word_1_84' title='bbox 576 1640 766 1717; x_wconf 83' lang='grc' dir='ltr'><strong><em>καταξέοντι</em></strong></span> <span class='ocrx_word' id='word_1_85' title='bbox 786 1642 821 1707; x_wconf 92' lang='lat' dir='ltr'>iu</span> <span class='ocrx_word' id='word_1_86' title='bbox 844 1643 1038 1720; x_wconf 78' lang='grc' dir='ltr'><strong><em>καταξοῦντι</em></strong></span> <span class='ocrx_word' id='word_1_87' title='bbox 1061 1645 1205 1711; x_wconf 74' lang='lat' dir='ltr'>contrahi</span> <span class='ocrx_word' id='word_1_88' title='bbox 1227 1644 1370 1727; x_wconf 84' lang='lat' dir='ltr'>potuisse</span> 
     </span>
     <span class='ocr_line' id='line_1_11' title="bbox 245 1737 1368 1826; baseline 0.004 -24"><span class='ocrx_word' id='word_1_89' title='bbox 245 1737 430 1804; x_wconf 79' lang='lat' dir='ltr'>iudicemus.</span> <span class='ocrx_word' id='word_1_90' title='bbox 467 1757 572 1819; x_wconf 92' lang='lat' dir='ltr'>neque</span> <span class='ocrx_word' id='word_1_91' title='bbox 600 1737 674 1802; x_wconf 89' lang='lat' dir='ltr'>huio</span> <span class='ocrx_word' id='word_1_92' title='bbox 701 1741 881 1806; x_wconf 89' lang='lat' dir='ltr'>sententiae</span> <span class='ocrx_word' id='word_1_93' title='bbox 911 1740 1052 1807; x_wconf 81' lang='lat' dir='ltr'>officiunt</span> <span class='ocrx_word' id='word_1_94' title='bbox 1079 1763 1183 1826; x_wconf 87' lang='lat' dir='ltr'>pauoa</span> <span class='ocrx_word' id='word_1_95' title='bbox 1210 1741 1368 1825; x_wconf 85' lang='lat' dir='ltr'>exempla,</span> 
     </span>
     <span class='ocr_line' id='line_1_12' title="bbox 247 1835 1371 1921; baseline 0.003 -21"><span class='ocrx_word' id='word_1_96' title='bbox 247 1855 329 1917; x_wconf 87' lang='lat' dir='ltr'>quae</span> <span class='ocrx_word' id='word_1_97' title='bbox 350 1835 486 1901; x_wconf 86' lang='lat' dir='ltr'>fortasse</span> <span class='ocrx_word' id='word_1_98' title='bbox 509 1835 595 1919; x_wconf 87' lang='lat' dir='ltr'>apud</span> <span class='ocrx_word' id='word_1_99' title='bbox 624 1842 736 1918; x_wconf 86' lang='lat' dir='ltr'>poetas</span> <span class='ocrx_word' id='word_1_100' title='bbox 758 1837 810 1902; x_wconf 90' lang='lat' dir='ltr'>hie</span> <span class='ocrx_word' id='word_1_101' title='bbox 831 1838 899 1903; x_wconf 89' lang='lat' dir='ltr'>illio</span> <span class='ocrx_word' id='word_1_102' title='bbox 920 1839 1121 1921; x_wconf 87' lang='lat' dir='ltr'>reperiuntur</span> <span class='ocrx_word' id='word_1_103' title='bbox 1143 1838 1193 1916; x_wconf 84' lang='lat' dir='ltr'>(oi.</span> <span class='ocrx_word' id='word_1_104' title='bbox 1216 1839 1371 1905; x_wconf 87' lang='lat' dir='ltr'>Kuehner</span> 
     </span>
     <span class='ocr_line' id='line_1_13' title="bbox 244 1932 1369 2015; baseline 0.003 -19"><span class='ocrx_word' id='word_1_105' title='bbox 244 1934 266 1996; x_wconf 91' lang='lat' dir='ltr'>l.</span> <span class='ocrx_word' id='word_1_106' title='bbox 290 1933 341 2014; x_wconf 85' lang='grc'>1.),</span> <span class='ocrx_word' id='word_1_107' title='bbox 371 1932 404 1997; x_wconf 93' lang='lat' dir='ltr'>in</span> <span class='ocrx_word' id='word_1_108' title='bbox 433 1933 548 2014; x_wconf 93' lang='lat' dir='ltr'>quibus</span> <span class='ocrx_word' id='word_1_109' title='bbox 571 1956 600 2009; x_wconf 84' lang='grc' dir='ltr'>ε,</span> <span class='ocrx_word' id='word_1_110' title='bbox 630 1953 712 2015; x_wconf 86' lang='lat' dir='ltr'>quae</span> <span class='ocrx_word' id='word_1_111' title='bbox 741 1939 789 1999; x_wconf 90' lang='lat' dir='ltr'>est</span> <span class='ocrx_word' id='word_1_112' title='bbox 817 1934 850 1998; x_wconf 93' lang='lat' dir='ltr'>in</span> <span class='ocrx_word' id='word_1_113' title='bbox 878 1934 1040 2001; x_wconf 79' lang='lat' dir='ltr'>radicibus</span> <span class='ocrx_word' id='word_1_114' title='bbox 1068 1937 1238 2001; x_wconf 89' lang='lat' dir='ltr'>verborum</span> <span class='ocrx_word' id='word_1_115' title='bbox 1269 1939 1369 2014; x_wconf 74' lang='grc' dir='ltr'>πνέω,</span> 
     </span>
     <span class='ocr_line' id='line_1_14' title="bbox 247 2027 1369 2114; baseline 0.004 -22"><span class='ocrx_word' id='word_1_116' title='bbox 247 2033 353 2114; x_wconf 83' lang='grc' dir='ltr'>φρέω,</span> <span class='ocrx_word' id='word_1_117' title='bbox 379 2027 458 2108; x_wconf 87' lang='grc' dir='ltr'>χέω,</span> <span class='ocrx_word' id='word_1_118' title='bbox 488 2030 655 2112; x_wconf 82' lang='lat' dir='ltr'>similium,</span> <span class='ocrx_word' id='word_1_119' title='bbox 684 2049 756 2095; x_wconf 89' lang='lat' dir='ltr'>oum</span> <span class='ocrx_word' id='word_1_120' title='bbox 777 2032 882 2095; x_wconf 86' lang='lat' dir='ltr'>voeali</span> <span class='ocrx_word' id='word_1_121' title='bbox 905 2032 1051 2114; x_wconf 85' lang='lat' dir='ltr'>sequenti</span> <span class='ocrx_word' id='word_1_122' title='bbox 1072 2032 1107 2096; x_wconf 93' lang='lat' dir='ltr'>in</span> <span class='ocrx_word' id='word_1_123' title='bbox 1129 2032 1369 2098; x_wconf 77' lang='lat' dir='ltr'>continuitatem</span> 
     </span>
     <span class='ocr_line' id='line_1_15' title="bbox 246 2128 1370 2218; baseline 0.004 -27"><span class='ocrx_word' id='word_1_124' title='bbox 246 2128 339 2192; x_wconf 90' lang='lat' dir='ltr'>unius</span> <span class='ocrx_word' id='word_1_125' title='bbox 361 2128 478 2218; x_wconf 83' lang='lat' dir='ltr'>longae</span> <span class='ocrx_word' id='word_1_126' title='bbox 506 2128 653 2212; x_wconf 83' lang='lat' dir='ltr'>syllabae</span> <span class='ocrx_word' id='word_1_127' title='bbox 682 2148 747 2193; x_wconf 91' lang='lat' dir='ltr'>non</span> <span class='ocrx_word' id='word_1_128' title='bbox 776 2128 974 2193; x_wconf 86' lang='lat' dir='ltr'>eontrahitur</span> <span class='ocrx_word' id='word_1_129' title='bbox 996 2129 1053 2195; x_wconf 92' lang='lat' dir='ltr'>sed</span> <span class='ocrx_word' id='word_1_130' title='bbox 1084 2130 1259 2195; x_wconf 86' lang='lat' dir='ltr'>seeundum</span> <span class='ocrx_word' id='word_1_131' title='bbox 1281 2131 1370 2213; x_wconf 83' lang='lat' dir='ltr'>leges</span> 
     </span>
     <span class='ocr_line' id='line_1_16' title="bbox 247 2224 1370 2309; baseline 0.002 -20"><span class='ocrx_word' id='word_1_132' title='bbox 247 2224 394 2290; x_wconf 90' lang='lat' dir='ltr'>metrioas</span> <span class='ocrx_word' id='word_1_133' title='bbox 416 2224 580 2290; x_wconf 78' lang='lat' dir='ltr'>conflatur.</span> <span class='ocrx_word' id='word_1_134' title='bbox 618 2230 727 2290; x_wconf 90' lang='lat' dir='ltr'>tamen</span> <span class='ocrx_word' id='word_1_135' title='bbox 750 2225 943 2291; x_wconf 87' lang='lat' dir='ltr'>Weokleinii</span> <span class='ocrx_word' id='word_1_136' title='bbox 965 2227 1152 2309; x_wconf 83' lang='lat' dir='ltr'>scripturam</span> <span class='ocrx_word' id='word_1_137' title='bbox 1174 2225 1370 2304; x_wconf 77' lang='grc' dir='ltr'><strong><em>καταξοῦντι</em></strong></span> 
     </span>
     <span class='ocr_line' id='line_1_17' title="bbox 246 2321 1371 2407; baseline 0.002 -22"><span class='ocrx_word' id='word_1_138' title='bbox 246 2321 362 2387; x_wconf 83' lang='lat' dir='ltr'>falsam</span> <span class='ocrx_word' id='word_1_139' title='bbox 389 2340 459 2388; x_wconf 89' lang='lat' dir='ltr'>esse</span> <span class='ocrx_word' id='word_1_140' title='bbox 481 2342 575 2389; x_wconf 92' lang='lat' dir='ltr'>nemo</span> <span class='ocrx_word' id='word_1_141' title='bbox 597 2328 760 2404; x_wconf 89' lang='lat' dir='ltr'>tamquam</span> <span class='ocrx_word' id='word_1_142' title='bbox 783 2329 903 2387; x_wconf 86' lang='lat' dir='ltr'>eertum</span> <span class='ocrx_word' id='word_1_143' title='bbox 928 2322 1088 2391; x_wconf 85' lang='lat' dir='ltr'>affirmare</span> <span class='ocrx_word' id='word_1_144' title='bbox 1115 2324 1240 2407; x_wconf 90' lang='lat' dir='ltr'>poterit.</span> <span class='ocrx_word' id='word_1_145' title='bbox 1285 2323 1371 2407; x_wconf 90' lang='lat' dir='ltr'>equi-</span> 
     </span>
     <span class='ocr_line' id='line_1_18' title="bbox 248 2418 1370 2504; baseline 0.004 -21"><span class='ocrx_word' id='word_1_146' title='bbox 248 2418 320 2484; x_wconf 90' lang='lat' dir='ltr'>dem</span> <span class='ocrx_word' id='word_1_147' title='bbox 344 2420 405 2484; x_wconf 90' lang='lat' dir='ltr'>boo</span> <span class='ocrx_word' id='word_1_148' title='bbox 427 2419 621 2484; x_wconf 89' lang='lat' dir='ltr'>monendum</span> <span class='ocrx_word' id='word_1_149' title='bbox 644 2437 715 2484; x_wconf 88' lang='lat' dir='ltr'>esse</span> <span class='ocrx_word' id='word_1_150' title='bbox 737 2420 935 2500; x_wconf 84' lang='lat' dir='ltr'>existimavi,</span> <span class='ocrx_word' id='word_1_151' title='bbox 964 2421 997 2484; x_wconf 94' lang='lat' dir='ltr'>in</span> <span class='ocrx_word' id='word_1_152' title='bbox 1025 2421 1083 2485; x_wconf 90' lang='lat' dir='ltr'>tali</span> <span class='ocrx_word' id='word_1_153' title='bbox 1112 2440 1146 2486; x_wconf 91' lang='lat' dir='ltr'>re</span> <span class='ocrx_word' id='word_1_154' title='bbox 1167 2421 1261 2486; x_wconf 93' lang='lat' dir='ltr'>unius</span> <span class='ocrx_word' id='word_1_155' title='bbox 1290 2420 1370 2504; x_wconf 84' lang='lat' dir='ltr'>lapi·</span> 
     </span>
     <span class='ocr_line' id='line_1_19' title="bbox 249 2511 1369 2598; baseline 0.001 -18"><span class='ocrx_word' id='word_1_156' title='bbox 249 2511 505 2598; x_wconf 88' lang='lat' dir='ltr'>oidae&#39;eiusque</span> <span class='ocrx_word' id='word_1_157' title='bbox 536 2517 569 2581; x_wconf 92' lang='lat' dir='ltr'>in</span> <span class='ocrx_word' id='word_1_158' title='bbox 603 2536 666 2581; x_wconf 94' lang='lat' dir='ltr'>uno</span> <span class='ocrx_word' id='word_1_159' title='bbox 699 2518 856 2583; x_wconf 76' lang='lat' dir='ltr'>vobabulo</span> <span class='ocrx_word' id='word_1_160' title='bbox 889 2517 984 2583; x_wconf 88' lang='lat' dir='ltr'>fidem</span> <span class='ocrx_word' id='word_1_161' title='bbox 1021 2538 1086 2583; x_wconf 92' lang='lat' dir='ltr'>non</span> <span class='ocrx_word' id='word_1_162' title='bbox 1119 2523 1213 2584; x_wconf 84' lang='lat' dir='ltr'>extra</span> <span class='ocrx_word' id='word_1_163' title='bbox 1244 2537 1369 2583; x_wconf 87' lang='lat' dir='ltr'>ornnem</span> 
     </span>
     <span class='ocr_line' id='line_1_20' title="bbox 248 2612 739 2697; baseline -0.004 -19"><span class='ocrx_word' id='word_1_164' title='bbox 248 2612 478 2679; x_wconf 89' lang='lat' dir='ltr'>dubitationem</span> <span class='ocrx_word' id='word_1_165' title='bbox 500 2614 636 2697; x_wconf 86' lang='lat' dir='ltr'>positam</span> <span class='ocrx_word' id='word_1_166' title='bbox 659 2634 739 2681; x_wconf 85' lang='lat' dir='ltr'>esse.</span> 
     </span>
    </p>
   </div>
   <div class='ocr_carea' id='block_1_8' title="bbox 426 2866 1140 3114">
    <p class='ocr_par' dir='ltr' id='par_1_8' title="bbox 426 2866 1140 3114">
     <span class='ocr_line' id='line_1_21' title="bbox 690 2866 929 2944; baseline -0.004 -1"><span class='ocrx_word' id='word_1_167' title='bbox 690 2866 816 2943; x_wconf 81' lang='lat' dir='ltr'>Ourur</span> <span class='ocrx_word' id='word_1_168' title='bbox 841 2867 929 2944; x_wconf 92' lang='lat' dir='ltr'><strong>VII.</strong></span> 
     </span>
     <span class='ocr_line' id='line_1_22' title="bbox 426 2993 1140 3114; baseline 0.006 -17"><span class='ocrx_word' id='word_1_169' title='bbox 426 3015 429 3021; x_wconf 82' lang='grc'><strong>’</strong></span> <span class='ocrx_word' id='word_1_170' title='bbox 485 2993 762 3102; x_wconf 79' lang='lat' dir='ltr'>sruornuoruu</span> <span class='ocrx_word' id='word_1_171' title='bbox 785 3034 1140 3114; x_wconf 79' lang='lat' dir='ltr'>oursournrunuu.</span> 
     </span>
    </p>
   </div>
   <div class='ocr_carea' id='block_1_9' title="bbox 249 3184 1372 4144">
    <p class='ocr_par' dir='ltr' id='par_1_9' title="bbox 249 3184 1372 3465">
     <span class='ocr_line' id='line_1_23' title="bbox 333 3184 1371 3270; baseline 0.004 -21"><span class='ocrx_word' id='word_1_172' title='bbox 333 3186 358 3249; x_wconf 92' lang='grc' dir='ltr'>Ι.</span> <span class='ocrx_word' id='word_1_173' title='bbox 389 3184 555 3251; x_wconf 87' lang='lat' dir='ltr'>Nonnulla</span> <span class='ocrx_word' id='word_1_174' title='bbox 576 3194 650 3253; x_wconf 93' lang='lat' dir='ltr'>sunt</span> <span class='ocrx_word' id='word_1_175' title='bbox 672 3188 830 3253; x_wconf 84' lang='lat' dir='ltr'>voeabula</span> <span class='ocrx_word' id='word_1_176' title='bbox 851 3194 907 3252; x_wconf 88' lang='lat' dir='ltr'>aut</span> <span class='ocrx_word' id='word_1_177' title='bbox 928 3188 1075 3270; x_wconf 79' lang='lat' dir='ltr'>singulae</span> <span class='ocrx_word' id='word_1_178' title='bbox 1097 3188 1218 3253; x_wconf 83' lang='lat' dir='ltr'>formae</span> <span class='ocrx_word' id='word_1_179' title='bbox 1243 3186 1371 3253; x_wconf 87' lang='lat' dir='ltr'>rarioris</span> 
     </span>
     <span class='ocr_line' id='line_1_24' title="bbox 249 3282 1372 3367; baseline -0.001 -19"><span class='ocrx_word' id='word_1_180' title='bbox 249 3304 341 3361; x_wconf 85' lang='lat' dir='ltr'>usus,</span> <span class='ocrx_word' id='word_1_181' title='bbox 369 3300 452 3363; x_wconf 85' lang='lat' dir='ltr'>quae</span> <span class='ocrx_word' id='word_1_182' title='bbox 474 3282 508 3346; x_wconf 93' lang='lat' dir='ltr'>in</span> <span class='ocrx_word' id='word_1_183' title='bbox 530 3284 630 3351; x_wconf 90' lang='lat' dir='ltr'>titulis</span> <span class='ocrx_word' id='word_1_184' title='bbox 645 3284 758 3351; x_wconf 87' lang='lat' dir='ltr'>Attiois</span> <span class='ocrx_word' id='word_1_185' title='bbox 780 3289 923 3366; x_wconf 79' lang='lat' dir='ltr'>exstant3</span> <span class='ocrx_word' id='word_1_186' title='bbox 947 3303 1029 3367; x_wconf 90' lang='lat' dir='ltr'>quae</span> <span class='ocrx_word' id='word_1_187' title='bbox 1052 3286 1104 3350; x_wconf 86' lang='lat' dir='ltr'>vel</span> <span class='ocrx_word' id='word_1_188' title='bbox 1127 3284 1266 3350; x_wconf 86' lang='lat' dir='ltr'>breviter</span> <span class='ocrx_word' id='word_1_189' title='bbox 1288 3303 1372 3349; x_wconf 88' lang='lat' dir='ltr'>eom-</span> 
     </span>
     <span class='ocr_line' id='line_1_25' title="bbox 249 3381 963 3465; baseline -0.003 -19"><span class='ocrx_word' id='word_1_190' title='bbox 249 3398 429 3446; x_wconf 89' lang='lat' dir='ltr'>memorare</span> <span class='ocrx_word' id='word_1_191' title='bbox 451 3398 568 3463; x_wconf 85' lang='lat' dir='ltr'>operae</span> <span class='ocrx_word' id='word_1_192' title='bbox 590 3382 725 3465; x_wconf 90' lang='lat' dir='ltr'>pretium</span> <span class='ocrx_word' id='word_1_193' title='bbox 750 3401 820 3448; x_wconf 91' lang='lat' dir='ltr'>esse</span> <span class='ocrx_word' id='word_1_194' title='bbox 841 3381 963 3464; x_wconf 87' lang='lat' dir='ltr'>putavi.</span> 
     </span>
    </p>

    <p class='ocr_par' dir='ltr' id='par_1_10' title="bbox 250 3475 1371 3759">
     <span class='ocr_line' id='line_1_26' title="bbox 339 3475 1371 3563; baseline 0.002 -23"><span class='ocrx_word' id='word_1_195' title='bbox 339 3482 366 3542; x_wconf 91' lang='lat' dir='ltr'>t.</span> <span class='ocrx_word' id='word_1_196' title='bbox 394 3482 425 3540; x_wconf 91' lang='lat' dir='ltr'>et</span> <span class='ocrx_word' id='word_1_197' title='bbox 447 3475 584 3557; x_wconf 88' lang='lat' dir='ltr'>primurn</span> <span class='ocrx_word' id='word_1_198' title='bbox 607 3480 735 3562; x_wconf 91' lang='lat' dir='ltr'>quidem</span> <span class='ocrx_word' id='word_1_199' title='bbox 760 3476 846 3563; x_wconf 81' lang='grc' dir='ltr'><strong><em>πρός</em></strong></span> <span class='ocrx_word' id='word_1_200' title='bbox 868 3477 1115 3561; x_wconf 87' lang='lat' dir='ltr'>praepositionis</span> <span class='ocrx_word' id='word_1_201' title='bbox 1137 3477 1240 3542; x_wconf 82' lang='lat' dir='ltr'>torma</span> <span class='ocrx_word' id='word_1_202' title='bbox 1254 3478 1371 3543; x_wconf 79' lang='lat' dir='ltr'>Dorica</span> 
     </span>
     <span class='ocr_line' id='line_1_27' title="bbox 250 3575 1371 3659; baseline -0.004 -15"><span class='ocrx_word' id='word_1_203' title='bbox 250 3587 282 3644; x_wconf 93' lang='lat' dir='ltr'>et</span> <span class='ocrx_word' id='word_1_204' title='bbox 304 3576 458 3642; x_wconf 88' lang='lat' dir='ltr'>Boeotioa</span> <span class='ocrx_word' id='word_1_205' title='bbox 480 3580 580 3640; x_wconf 74' lang='lat' dir='ltr'>nort</span> <span class='ocrx_word' id='word_1_206' title='bbox 602 3577 719 3659; x_wconf 82' lang='lat' dir='ltr'>legitur</span> <span class='ocrx_word' id='word_1_207' title='bbox 749 3581 848 3658; x_wconf 77' lang='lat' dir='ltr'>ibba,</span> <span class='ocrx_word' id='word_1_208' title='bbox 874 3589 884 3637; x_wconf 87' lang='lat' dir='ltr'>t</span> <span class='ocrx_word' id='word_1_209' title='bbox 909 3575 953 3640; x_wconf 85' lang='lat' dir='ltr'>in&#39;</span> <span class='ocrx_word' id='word_1_210' title='bbox 971 3576 1148 3657; x_wconf 79' lang='lat' dir='ltr'>fragmento</span> <span class='ocrx_word' id='word_1_211' title='bbox 1174 3575 1371 3640; x_wconf 90' lang='lat' dir='ltr'>monumenti</span> 
     </span>
     <span class='ocr_line' id='line_1_28' title="bbox 251 3673 961 3759; baseline -0.006 -18"><span class='ocrx_word' id='word_1_212' title='bbox 251 3673 440 3759; x_wconf 82' lang='lat' dir='ltr'>sepulcralis</span> <span class='ocrx_word' id='word_1_213' title='bbox 462 3674 580 3756; x_wconf 82' lang='lat' dir='ltr'>privati</span> <span class='ocrx_word' id='word_1_214' title='bbox 602 3679 807 3756; x_wconf 84' lang='lat' dir='ltr'>pervetustae</span> <span class='ocrx_word' id='word_1_215' title='bbox 829 3674 961 3739; x_wconf 89' lang='lat' dir='ltr'>aetatis:</span> 
     </span>
    </p>

    <p class='ocr_par' dir='ltr' id='par_1_11' title="bbox 251 3760 1372 4144">
     <span class='ocr_line' id='line_1_29' title="bbox 338 3760 1369 3857; baseline -0.002 -24"><span class='ocrx_word' id='word_1_216' title='bbox 338 3764 551 3857; x_wconf 77' lang='grc' dir='ltr'><strong><em>[Ἇ]ντιλόχου</em></strong></span> <span class='ocrx_word' id='word_1_217' title='bbox 582 3767 663 3834; x_wconf 74' lang='grc' dir='ltr'><strong><em>ποτὶ</em></strong></span> <span class='ocrx_word' id='word_1_218' title='bbox 693 3762 772 3853; x_wconf 75' lang='grc' dir='ltr'>σῆμ’</span> <span class='ocrx_word' id='word_1_219' title='bbox 805 3761 937 3848; x_wconf 72' lang='grc' dir='ltr'><em>ἀγαθοῦ</em></span> <span class='ocrx_word' id='word_1_220' title='bbox 959 3769 1013 3833; x_wconf 89' lang='grc' dir='ltr'>καὶ</span> <span class='ocrx_word' id='word_1_221' title='bbox 1037 3766 1210 3852; x_wconf 77' lang='grc' dir='ltr'><em>σώφρονος</em></span> <span class='ocrx_word' id='word_1_222' title='bbox 1240 3760 1369 3848; x_wconf 76' lang='grc' dir='ltr'>ἀνδρὸς.</span> 
     </span>
     <span class='ocr_line' id='line_1_30' title="bbox 251 3866 1370 3950; baseline -0.004 -16"><span class='ocrx_word' id='word_1_223' title='bbox 251 3869 309 3935; x_wconf 89' lang='lat' dir='ltr'>sed</span> <span class='ocrx_word' id='word_1_224' title='bbox 332 3868 413 3933; x_wconf 88' lang='lat' dir='ltr'>haee</span> <span class='ocrx_word' id='word_1_225' title='bbox 435 3868 546 3950; x_wconf 84' lang='lat' dir='ltr'>forma,</span> <span class='ocrx_word' id='word_1_226' title='bbox 570 3888 666 3950; x_wconf 91' lang='lat' dir='ltr'>quam</span> <span class='ocrx_word' id='word_1_227' title='bbox 692 3866 733 3931; x_wconf 89' lang='lat' dir='ltr'>ab</span> <span class='ocrx_word' id='word_1_228' title='bbox 755 3866 868 3931; x_wconf 80' lang='lat' dir='ltr'>Atticis</span> <span class='ocrx_word' id='word_1_229' title='bbox 891 3887 1043 3949; x_wconf 89' lang='lat' dir='ltr'>umquam</span> <span class='ocrx_word' id='word_1_230' title='bbox 1064 3866 1111 3930; x_wconf 85' lang='lat' dir='ltr'>ita</span> <span class='ocrx_word' id='word_1_231' title='bbox 1132 3866 1370 3948; x_wconf 89' lang='lat' dir='ltr'>pronuntiatam</span> 
     </span>
     <span class='ocr_line' id='line_1_31' title="bbox 253 3964 1372 4048; baseline -0.005 -17"><span class='ocrx_word' id='word_1_232' title='bbox 253 3985 324 4031; x_wconf 89' lang='lat' dir='ltr'>esse</span> <span class='ocrx_word' id='word_1_233' title='bbox 353 3984 411 4048; x_wconf 85' lang='lat' dir='ltr'>per</span> <span class='ocrx_word' id='word_1_234' title='bbox 437 3985 472 4030; x_wconf 89' lang='lat' dir='ltr'>se</span> <span class='ocrx_word' id='word_1_235' title='bbox 495 3964 580 4031; x_wconf 86' lang='lat' dir='ltr'>oredi</span> <span class='ocrx_word' id='word_1_236' title='bbox 603 3985 668 4030; x_wconf 92' lang='lat' dir='ltr'>non</span> <span class='ocrx_word' id='word_1_237' title='bbox 690 3970 812 4048; x_wconf 87' lang='lat' dir='ltr'>potest,</span> <span class='ocrx_word' id='word_1_238' title='bbox 842 3983 913 4028; x_wconf 85' lang='lat' dir='ltr'>oum</span> <span class='ocrx_word' id='word_1_239' title='bbox 935 3965 968 4028; x_wconf 93' lang='lat' dir='ltr'>in</span> <span class='ocrx_word' id='word_1_240' title='bbox 991 3983 1086 4030; x_wconf 89' lang='lat' dir='ltr'>versu</span> <span class='ocrx_word' id='word_1_241' title='bbox 1107 3964 1294 4029; x_wconf 84' lang='lat' dir='ltr'>hexametro</span> <span class='ocrx_word' id='word_1_242' title='bbox 1316 3981 1372 4044; x_wconf 91' lang='lat' dir='ltr'>po·</span> 
     </span>
     <span class='ocr_line' id='line_1_32' title="bbox 252 4059 1369 4144; baseline -0.006 -15"><span class='ocrx_word' id='word_1_243' title='bbox 252 4063 314 4129; x_wconf 90' lang='lat' dir='ltr'>sita</span> <span class='ocrx_word' id='word_1_244' title='bbox 336 4062 393 4140; x_wconf 85' lang='lat' dir='ltr'>sit,</span> <span class='ocrx_word' id='word_1_245' title='bbox 417 4080 458 4126; x_wconf 88' lang='lat' dir='ltr'>ex</span> <span class='ocrx_word' id='word_1_246' title='bbox 480 4081 626 4128; x_wconf 87' lang='lat' dir='ltr'>sermone</span> <span class='ocrx_word' id='word_1_247' title='bbox 649 4062 738 4144; x_wconf 86' lang='lat' dir='ltr'>epieo</span> <span class='ocrx_word' id='word_1_248' title='bbox 760 4059 890 4126; x_wconf 88' lang='lat' dir='ltr'>fluxisse</span> <span class='ocrx_word' id='word_1_249' title='bbox 914 4060 1058 4144; x_wconf 88' lang='lat' dir='ltr'>putanda</span> <span class='ocrx_word' id='word_1_250' title='bbox 1081 4067 1146 4141; x_wconf 87' lang='lat' dir='ltr'>est,</span> <span class='ocrx_word' id='word_1_251' title='bbox 1172 4080 1192 4124; x_wconf 98' lang='lat' dir='ltr'>a</span> <span class='ocrx_word' id='word_1_252' title='bbox 1215 4079 1276 4141; x_wconf 93' lang='lat' dir='ltr'>quo</span> <span class='ocrx_word' id='word_1_253' title='bbox 1299 4078 1369 4124; x_wconf 88' lang='lat' dir='ltr'>sam</span> 
     </span>
    </p>
   </div>
   <div class='ocr_carea' id='block_1_10' title="bbox 252 4155 1370 4337">
    <p class='ocr_par' dir='ltr' id='par_1_12' title="bbox 252 4155 1370 4337">
     <span class='ocr_line' id='line_1_33' title="bbox 252 4155 1370 4241; baseline -0.005 -17"><span class='ocrx_word' id='word_1_254' title='bbox 252 4181 316 4225; x_wconf 91' lang='lat' dir='ltr'>non</span> <span class='ocrx_word' id='word_1_255' title='bbox 350 4179 478 4241; x_wconf 87' lang='lat' dir='ltr'>prorsus</span> <span class='ocrx_word' id='word_1_256' title='bbox 511 4160 651 4224; x_wconf 89' lang='lat' dir='ltr'>alienam</span> <span class='ocrx_word' id='word_1_257' title='bbox 684 4159 781 4223; x_wconf 85' lang='lat' dir='ltr'>tuisse</span> <span class='ocrx_word' id='word_1_258' title='bbox 814 4164 946 4222; x_wconf 82' lang='lat' dir='ltr'>constat.</span> <span class='ocrx_word' id='word_1_259' title='bbox 997 4158 1035 4223; x_wconf 85' lang='lat' dir='ltr'>oi.</span> <span class='ocrx_word' id='word_1_260' title='bbox 1065 4155 1230 4223; x_wconf 89' lang='lat' dir='ltr'>Kuehneri</span> <span class='ocrx_word' id='word_1_261' title='bbox 1261 4155 1370 4232; x_wconf 78' lang='lat' dir='ltr'>„Aust</span> 
     </span>
     <span class='ocr_line' id='line_1_34' title="bbox 254 4256 637 4337; baseline -0.008 -15"><span class='ocrx_word' id='word_1_262' title='bbox 254 4258 440 4323; x_wconf 82' lang='lat' dir='ltr'>Gramm.“²</span> <span class='ocrx_word' id='word_1_263' title='bbox 463 4256 487 4333; x_wconf 95' lang='grc' dir='ltr'>Ι,</span> <span class='ocrx_word' id='word_1_264' title='bbox 511 4277 541 4337; x_wconf 90' lang='lat' dir='ltr'>p.</span> <span class='ocrx_word' id='word_1_265' title='bbox 566 4258 637 4320; x_wconf 83' lang='lat'><strong>687.</strong></span> 
     </span>
    </p>
   </div>
   <div class='ocr_carea' id='block_1_11' title="bbox 0 0 1806 5334">
    <p class='ocr_par' dir='ltr' id='par_1_13' title="bbox 0 0 1806 5334">
     <span class='ocr_line' id='line_1_35' title="bbox 0 0 1806 5334; baseline 0 0"><span class='ocrx_word' id='word_1_266' title='bbox 0 0 1806 5334; x_wconf 95' lang='lat' dir='ltr'> </span> 
     </span>
    </p>
   </div>
  </div>
 </body>
</html>
