3575 5334
735 681 768 735 de
787 682 902 737 dialecto
920 684 1074 739 herodotea.
1405 690 1466 751 135

339 854 471 920 vocales
487 860 685 935 concurrunt,
707 874 846 937 pru-apa
865 854 885 918 i.
902 874 929 920 e.
951 857 1115 939 pru-jcpu,
1137 859 1350 942 „projugum“
1373 867 1404 927 et
1426 865 1467 925 o·-

340 960 410 1013 ta-u
433 952 591 1029 ,cribrum
600 956 623 1030 “,
646 951 732 1032 quod
754 970 772 1015 e
793 950 902 1017 radice
924 961 1004 1033 turpe
1025 960 1192 1037 ,quatere,
1221 962 1395 1039 quassare“
1417 979 1466 1025 or·

338 1055 406 1115 tum
430 1050 473 1114 ad
496 1049 628 1113 formam
652 1046 772 1111 *titccu
795 1050 887 1115 redit.
922 1051 1028 1116 Etiam
1050 1052 1083 1116 in
1106 1052 1217 1136 lingua
1237 1053 1379 1137 zendica,
1403 1057 1464 1122 etsi

338 1148 453 1213 talium
475 1148 646 1213 formarum
674 1147 773 1211 multo
801 1147 999 1230 patientiori,
1029 1149 1226 1215 multimodis
1254 1152 1464 1236 complurium

340 1245 497 1309 vocalium
522 1263 693 1309 concursus
715 1244 852 1308 evitatur
875 1244 925 1322 (el.
948 1246 1075 1327 Justi,
1101 1246 1281 1312 Handbuch
1304 1248 1336 1312 (1.
1358 1249 1463 1315 Zend-

339 1342 484 1426 Sprache
512 1361 543 1424 p.
567 1344 651 1414 385).
695 1339 840 1422 Linguae
862 1342 985 1407 slavica
1007 1350 1038 1409 et
1065 1345 1168 1426 magis
1190 1345 1286 1409 etiam
1309 1346 1463 1412 lituanica

339 1441 468 1504 vocales
489 1440 523 1503 in
546 1459 609 1504 unc
635 1439 733 1504 verbo
762 1447 985 1506 concurrentes
1013 1460 1108 1522 quam
1140 1442 1279 1507 maxime
1307 1449 1463 1525 respuunt

338 1537 550 1613 (Lesbiam
574 1535 752 1601 Handbuch
777 1535 807 1599 d.
830 1536 1103 1619 altbulgarischen
1125 1539 1268 1622 Sprache
1292 1542 1311 1619 ξ
1337 1542 1384 1604 18.
1411 1544 1460 1623 19,

338 1634 593 1713 Schleicher,
628 1632 808 1697 Handbuch
845 1633 874 1698 (1,
904 1635 951 1698 lit.
981 1636 1125 1718 Spraohe
1159 1639 1264 1717 §art
1316 1636 1461 1719 Linguae

337 1732 439 1796 latina
461 1737 569 1796 autem
592 1736 624 1794 et
644 1729 764 1811 gotico,
795 1730 853 1795 etsi
876 1731 1005 1814 saepius
1030 1752 1123 1814 quam
1153 1741 1278 1799 ceterae
1299 1735 1459 1800 vocalium

336 1830 584 1894 cumulationem
617 1827 789 1891 admittunt
823 1827 872 1895 (cf.
904 1847 953 1893 ex.
983 1848 1029 1909 gr.
1059 1830 1312 1913 Schleichcr,
1348 1830 1458 1915 (lump.

337 1928 377 2006 ἐξ
402 1932 452 1991 51.
480 1928 562 2005 llo),
596 1932 704 1989 tamen
738 1943 778 1988 ex
806 1924 892 1988 omni
922 1933 1013 2007 parte
1046 1926 1167 2008 hiatus,
1201 1934 1236 1993 ut
1266 1930 1311 1993 ita
1343 1927 1457 2012 dicam,

337 2043 445 2088 amore
466 2029 657 2105 superantur
680 2042 700 2084 a
721 2020 833 2102 lingua
854 2041 980 2102 graeca.
1025 2022 1183 2099 Quoniam
1206 2026 1291 2090 enim
1320 2030 1461 2112 plerum·

335 2141 397 2203 que
419 2126 487 2185 tum
510 2119 603 2184 unius
626 2118 772 2182 vocabuli
796 2119 926 2182 vocales
948 2119 1038 2182 nullo
1059 2119 1230 2186 intervallo
1254 2125 1363 2190 relicto
1385 2147 1459 2192 con-

331 2219 521 2301 junguntur,
550 2236 620 2281 cum
650 2235 791 2280 consona
813 2214 989 2298 quaedam,
1018 2216 1060 2280 ab
1089 2217 1180 2282 initio
1208 2238 1263 2284 eas
1291 2242 1457 2305 separans,

335 2316 451 2381 extrita
479 2321 542 2395 est,
572 2314 646 2379 talis
674 2332 835 2377 consonae
863 2312 993 2377 amissio
1021 2312 1053 2377 in
1083 2316 1197 2380 ceteris
1219 2316 1337 2398 linguis
1366 2318 1456 2384 indo-

333 2413 527 2496 germanicis
563 2431 628 2476 non
664 2411 710 2475 ita
744 2410 980 2492 frequentatur,
1018 2409 1075 2475 sed
1113 2411 1146 2475 in
1182 2413 1293 2495 lingua
1328 2434 1455 2499 graeca,

334 2510 454 2593 quippe
475 2508 635 2591 spirantes
656 2513 818 2588 aversata,
848 2529 864 2568 r
877 2506 902 2591 j
922 2530 938 2570 c
962 2507 1227 2591 explodebantur,
1256 2516 1291 2574 ut
1318 2511 1379 2576 hac
1407 2533 1457 2578 ra·

335 2608 437 2687 tione,
462 2626 544 2689 quae
566 2613 663 2671 antea
685 2611 853 2688 separatae
876 2611 968 2670 erant
989 2606 1133 2687 vocales,
1160 2615 1398 2691 concurrerent,
1421 2610 1455 2674 id

333 2705 428 2787 quod,
451 2712 486 2768 ut
507 2723 566 2787 per
580 2723 615 2768 se
637 2709 736 2785 patet,
760 2702 874 2785 partim
889 2704 973 2768 inter
986 2703 1073 2768 vocis
1088 2703 1218 2785 stirpem
1239 2707 1354 2787 partim
1372 2707 1456 2775 inter

329 2803 460 2885 stirpem
487 2811 519 2865 et
540 2799 686 2865 suffixum
706 2801 757 2864 vel
781 2801 1035 2865 terminationem
1057 2800 1202 2866 accidere
1223 2804 1334 2883 potuit.
1370 2807 1455 2870 Tan-

329 2906 394 2963 tum
411 2906 517 2964 autem
534 2898 640 2978 abest,
664 2904 697 2961 ut
719 2897 793 2961 talis
814 2898 972 2961 vocalium
996 2917 1166 2962 concursus
1187 2899 1284 2963 anxie
1308 2901 1453 2984 evitetur,

330 3005 363 3062 ut
389 2996 519 3061 dialecti
544 2997 660 3059 atticae
690 2994 822 3058 nimium
851 2994 1022 3058 formarum
1052 3000 1283 3058 contractarum
1314 2998 1453 3063 studium

328 3101 506 3159 ceterarum
523 3092 730 3156 dialectorum
753 3092 893 3156 omnium
909 3090 1025 3155 rationi
1043 3089 1140 3154 valde
1162 3100 1327 3173 repugnet.
1358 3095 1452 3177 Nam,

330 3198 362 3255 ut
391 3190 587 3256 confidenter
614 3189 774 3254 affirmare
805 3188 926 3267 audeo,
965 3185 1092 3250 dialecti
1125 3185 1234 3250 dorica
1266 3193 1298 3252 et
1329 3191 1454 3256 aeolica

329 3289 430 3352 multo
453 3288 555 3368 magis
577 3287 638 3350 hac
660 3286 693 3350 in
715 3305 749 3351 re
772 3306 841 3348 cum
866 3283 1003 3349 dialecto
1024 3281 1130 3345 ionica
1150 3301 1244 3362 quam
1263 3301 1334 3347 eum
1356 3287 1453 3352 attica

328 3384 523 3468 conspirant,
547 3402 645 3465 quare
663 3384 701 3465 ei,
727 3384 780 3465 qui
803 3381 973 3446 dialectum
996 3379 1132 3443 ionicam
1156 3379 1295 3452 omnium
1314 3403 1453 3468 χασμῳ-

329 3478 540 3567 ὀιακωτάτην
570 3486 615 3557 (ut
644 3480 704 3545 hoc
731 3481 829 3545 verbo
859 3477 945 3543 haud
973 3496 1102 3561 prorsus
1128 3484 1213 3541 recte
1240 3484 1323 3552 utar)
1353 3479 1453 3547 luisse

329 3586 457 3661 putant,
481 3578 629 3668 videant,
653 3599 694 3643 ne
715 3578 810 3643 nimis
832 3598 852 3641 a
873 3576 1009 3641 veritate
1030 3574 1188 3639 aberrent.

414 3676 503 3741 Haec
530 3696 602 3740 cum
630 3676 740 3759 paucis
766 3674 1009 3753 adstrinxerim,
1039 3673 1143 3755 ipsam
1173 3690 1240 3735 rem
1270 3674 1450 3757 aggrediar.

329 3772 365 3838 ln
391 3772 576 3856 praesentia
600 3772 640 3838 de
662 3772 707 3838 eis
729 3778 852 3836 tantum
875 3771 1040 3836 vocalibus
1063 3771 1322 3837 concurrentibus
1344 3792 1450 3854 agam,

330 3889 461 3952 quarum
485 3870 571 3953 prior
593 3870 699 3936 brevis
722 3875 785 3951 est,
809 3867 849 3933 de
873 3868 928 3948 eis,
953 3887 1035 3949 quae
1057 3875 1179 3934 restant
1200 3869 1222 3933 i.
1237 3889 1265 3934 e.
1282 3869 1323 3935 de
1345 3869 1452 3953 priore

331 3990 348 4051 q
371 4004 413 4014 -
436 3967 477 4032 de
500 3987 562 4048 quo
590 3968 688 4050 plane
710 3986 796 4031 nova
821 3965 963 4049 proferre
992 3986 1087 4048 posse
1115 3966 1193 4031 mihi
1222 3966 1333 4032 videor
1356 3971 1451 4031 —et

331 4063 369 4129 de
401 4064 561 4149 prioribus
595 4063 802 4148 diphthongis
833 4062 868 4126 in
901 4062 1045 4144 proximo
1079 4065 1192 4128 horum
1224 4062 1450 4139 „Studiorum“

333 4160 481 4228 fasciculo
505 4163 678 4227 vernaculo
700 4179 847 4226 sermone
871 4180 1041 4242 exponam.
