3575 5334
560 694 593 751 de
610 695 725 751 dialecto
744 697 836 753 Attica
853 698 1008 753 vetustiore.
1043 700 1065 753 l.
1310 695 1372 757 269

217 863 354 928 statim
382 865 416 929 in
447 865 688 933 ediscimulata
718 877 775 934 θεῖ.
819 877 927 935 tamen
956 871 1027 953 ipsa
1054 871 1236 937 constrictio
1265 895 1301 934 αι
1330 872 1376 937 di-

244 961 404 1044 phthongi
427 964 459 1028 in
483 962 504 1028 ἃ
527 965 612 1030 facta
641 986 713 1032 esse
741 967 886 1049 putanda
915 976 974 1034 est.
1019 988 1093 1031 nam
1121 967 1187 1033 alia
1215 971 1374 1052 quaedam

244 1059 342 1139 ratic,
372 1067 407 1124 ut
428 1059 634 1128 *novettae
660 1065 806 1130 similiter·
827 1071 923 1148 atque
950 1062 1106 1145 μεσόγεια
1129 1064 1263 1145 dictum,
1296 1068 1374 1134 indc

244 1156 411 1221 Πονείδεα
433 1160 551 1225 lactum
567 1161 618 1238 sit,
642 1169 811 1245 propterea
833 1163 938 1228 minus
953 1162 1129 1245 probabilis
1144 1163 1222 1226 mihi
1237 1164 1372 1248 uidetur,

242 1254 321 1334 quia
335 1257 427 1321 nulla
441 1257 542 1323 forma
565 1266 693 1325 servata
708 1267 764 1339 est,
790 1279 853 1341 qua
874 1260 956 1325 haec
978 1260 1151 1343 explicatio
1173 1261 1230 1325 niti
1254 1270 1373 1345 posset.

331 1354 398 1418 alia
427 1354 569 1421 ciusdem
595 1358 803 1439 correptionis
833 1358 983 1440 exempla
1008 1365 1085 1423 ante
1113 1358 1279 1424 Euclidem
1308 1381 1373 1424 non

243 1451 369 1532 reperi,
403 1452 462 1518 sed
490 1454 673 1535 ceteroquin
703 1456 870 1520 notissima
899 1462 974 1520 sunt
1003 1453 1165 1534 Πειραεύς
1192 1460 1234 1532 (ν.
1258 1456 1374 1522 Weck-

243 1546 379 1612 leinium
401 1570 433 1631 p.
457 1554 525 1632 53),
560 1549 691 1627 δείλαος
713 1556 753 1627 (e.
776 1573 805 1634 g.
830 1552 929 1635 Soplr.
953 1553 1026 1616 Ant.
1053 1555 1144 1617 1310.
1181 1554 1277 1618 Arist.
1301 1574 1373 1637 equ.
1408 1542 1431 1555 ”

246 1646 318 1709 139.
351 1646 431 1728 plut.
456 1651 544 1731 850),
574 1649 701 1714 similia.
746 1650 883 1714 invaluit
906 1650 1048 1715 enimin
1071 1650 1141 1715 dies
1163 1651 1265 1733 magis
1286 1650 1374 1735 apud

244 1742 369 1807 Atticos
406 1745 602 1812 consuetudo
635 1770 670 1809 αι
705 1753 780 1812 ante
813 1749 941 1812 vocales
973 1747 1006 1810 in
1042 1771 1062 1809 α
1095 1748 1373 1831 constringendae,

243 1838 333 1920 quod
369 1842 529 1909 luculente
567 1846 660 1911 docet
694 1843 911 1926 discrepantia
943 1844 1118 1927 scripturae
1143 1839 1309 1930 Ἀθηναία
1342 1854 1374 1913 et

244 1936 423 2017 Πειραιεύς
446 1940 626 2022 nominum,
658 1960 740 2024 quae
763 1942 847 2005 inter
876 1942 1100 2024 inscriptiones
1129 1946 1319 2010 vetustiores
1342 1952 1373 2009 et

243 2035 440 2102 recentiores
462 2039 638 2105 intercedit.
684 2039 818 2122 quodsi
842 2061 877 2101 αι
902 2038 1040 2121 simplex
1063 2039 1282 2123 diphthongus
1304 2050 1373 2107 erat

245 2154 267 2193 α
282 2139 350 2209 -ί-ι
372 2136 538 2202 vocalibus
555 2138 678 2217 effecta,
702 2136 885 2202 constrictio
910 2134 977 2200 eius
999 2155 1126 2218 semper
1148 2138 1193 2202 ita
1214 2138 1299 2203 facta
1314 2148 1372 2220 est,

244 2240 281 2293 ut
302 2254 324 2293 α
345 2230 453 2301 brevis
476 2242 663 2300 remaneret.
708 2234 856 2298 videntur
883 2252 962 2298 sane
988 2234 1097 2314 aliqua
1119 2237 1269 2319 exempla
1290 2256 1371 2315 esse,

244 2346 333 2408 quae.
351 2328 425 2394 huic
447 2333 579 2413 regulae
600 2332 737 2397 obstent.
768 2339 801 2395 at
823 2351 931 2396 eorum
954 2331 1020 2395 alia
1042 2338 1091 2395 est
1113 2331 1204 2395 ratio.
1235 2333 1372 2414 primum

244 2424 331 2489 enim
354 2418 583 2508 Ἀλκμαίων
607 2448 724 2494 nomen
753 2429 916 2511 proprium
938 2429 1115 2509 antiquitus
1142 2430 1176 2493 in
1200 2419 1372 2510 Ἀλκμάων

244 2527 400 2587 mutatum
428 2544 499 2591 esse
521 2525 673 2592 discimus
695 2546 735 2592 ex
764 2530 807 2588 M
828 2528 905 2590 394:
946 2519 1127 2605 Ἀλκμάονα
1155 2526 1248 2607 δουρὶ
1277 2524 1373 2611 τυχή-

245 2638 334 2694 αας.·
362 2621 421 2686 sed
441 2623 513 2705 ipsa
534 2631 694 2690 vetustate
723 2625 783 2689 hoc
806 2624 988 2706 exemplum
1011 2624 1053 2687 ab
1076 2624 1138 2703 eis,
1169 2645 1251 2707 quae
1276 2646 1375 2708 supra

243 2721 502 2796 commemoravi,
527 2720 641 2787 differt.
671 2741 746 2785 nam
763 2741 834 2786 cum
854 2741 893 2785 ea
915 2728 1031 2800 aetate,
1054 2741 1118 2803 qua
1140 2723 1172 2787 in
1186 2717 1372 2803 Ἀλκμαίων

243 2818 375 2883 nomine
399 2841 410 2880 ι
433 2818 580 2897 evanuit,
610 2819 658 2883 vis
687 2818 781 2883 huius
811 2817 934 2883 vocalis
964 2816 1105 2882 nondum
1130 2827 1195 2884 tam
1218 2822 1373 2904 procula

244 2922 361 2980 natura
383 2935 543 2980 consonae
565 2916 717 2999 spirantis
739 2915 883 2994 abesset,
913 2934 1009 2996 quam
1038 2922 1150 2997 postea
1171 2918 1203 2981 in
1226 2938 1373 2983 sermone

245 3014 370 3079 Graeco
392 3014 433 3078 ab
457 3033 496 3079 ea
518 3012 680 3093 discessit,
704 3010 771 3077 lieri
794 3012 912 3094 potuit,
937 3018 972 3076 ut
995 3036 1008 3074 ι
1030 3013 1082 3077 vel
1096 3013 1121 3095 j
1141 3014 1225 3079 inter
1247 3038 1268 3076 α
1291 3023 1323 3080 et
1345 3040 1371 3079 ω

244 3110 404 3175 exstincta
438 3110 679 3194 productionem
717 3109 948 3191 suppletoriam
986 3110 1107 3172 vocalis
1151 3110 1372 3177 antecedentis

244 3207 433 3287 efficeret¹⁸),
457 3208 645 3290 praesertim
661 3227 732 3270 cum
756 3206 834 3270 haec
857 3205 978 3269 vocalis
1000 3204 1033 3267 in
1056 3200 1163 3282 ἀλκμᾰ
1186 3207 1286 3288 stirpe
1307 3208 1371 3271 iam

243 3311 342 3368 antea
374 3305 472 3385 longa
504 3305 625 3370 fuisset.
670 3303 755 3385 quod
789 3303 965 3385 posteriore
998 3307 1104 3367 aetate
1133 3303 1179 3367 ita
1207 3302 1273 3368 fieri
1307 3324 1371 3368 non

243 3402 357 3483 potuit.
402 3403 504 3484 ipsam
534 3409 641 3468 autem
668 3393 839 3479 >Αλκμαων
868 3401 1018 3478 formam,
1054 3401 1277 3466 constrictione
1305 3422 1370 3465 non

243 3499 351 3563 Attica
372 3498 430 3563 sed
453 3499 679 3582 panhellenica
694 3499 820 3577 factam,
845 3498 942 3561 Attici
958 3518 1022 3561 non
1038 3505 1214 3579 servarunt,
1237 3498 1295 3563 sed
1317 3506 1374 3565 aut

243 3595 468 3677 primigeniam
488 3589 675 3672 Ἀλκμαίων
697 3595 896 3661 retinuerunt
918 3601 974 3660 aut
995 3583 1084 3657 ·ᾱ’ων
1113 3596 1370 3662 terminationem

243 3691 398 3775 deinceps
420 3713 478 3774 per
499 3692 639 3757 mediam
661 3688 750 3755 -οίων
773 3693 806 3755 in
826 3696 887 3755 έων
903 3694 1131 3774 corripuerunt.
1163 3714 1246 3776 quae
1268 3694 1370 3758 forma

243 3790 339 3854 etiam
366 3791 397 3853 in
420 3790 511 3854 titulo
533 3789 703 3873 sepulcrali
727 3792 798 3870 433,
825 3802 854 3850 tc
877 3797 991 3855 exstat.

328 3886 394 3949 iam
424 3906 505 3968 quae
534 3894 701 3970 praeterea
729 3886 888 3951 vocabula
918 3910 953 3951 αι
975 3888 1008 3951 in
1032 3911 1052 3949 α
1081 3888 1224 3969 longam
1242 3890 1373 3953 constri-

242 3990 328 4048 ctam
350 3984 508 4065 praebere
529 3983 693 4062 videntur,
722 3984 755 4047 in
777 3985 830 4049 eis
847 4003 911 4048 non
934 4008 969 4047 αι
992 3985 1247 4049 constrictionem
1277 4003 1375 4064 passa

312 4204 344 4267 ¹⁸)
363 4201 486 4256 similiter
501 4202 605 4257 videtur
623 4202 701 4257 etiam
722 4201 880 4266 Curtius,
905 4202 982 4256 Stud.
1001 4201 1035 4261 ΙΙ.
1058 4205 1104 4254 lss
1127 4201 1160 4255 de
1178 4202 1202 4254 vi
1221 4215 1253 4253 ac
1271 4204 1371 4255 natura

243 4283 382 4347 avocalis,
402 4284 490 4351 qualis
508 4283 693 4351 antiquissima
710 4285 799 4337 aetate
817 4282 923 4350 linguae
942 4282 1061 4336 Graecae
1080 4280 1171 4344 fuerit,
1190 4279 1320 4335 iudicare.
