3575 5334
393 1587 529 1652 Veteres
558 1585 759 1668 grammatici
792 1595 824 1652 et
853 1587 1063 1654 recentiorum
1092 1587 1131 1669 ii,
1164 1588 1218 1669 qui
1250 1587 1431 1670 linguarum

304 1682 556 1769 comparationis
585 1684 740 1750 rationem
770 1686 890 1751 habere
918 1685 971 1749 vel
1001 1684 1142 1750 nondum
1171 1691 1343 1768 potuerunt
1368 1686 1431 1767 vel,

304 1784 333 1849 si
357 1788 544 1867 potuerunt,
573 1782 745 1846 noluerunt
767 1789 890 1864 tamen,
920 1788 1070 1864 quattuor
1092 1781 1291 1864 distinguunt
1311 1801 1431 1864 genera

305 1880 408 1963 alpha
444 1877 594 1961 praefixi,
632 1898 764 1960 quorum
797 1880 898 1944 tribua
930 1879 1027 1945 totius
1057 1878 1205 1945 vocabuli
1238 1878 1325 1944 notio
1358 1880 1431 1963 plus

307 1979 456 2044 minusve
477 1985 625 2059 mutatur,
650 1997 756 2057 unum,
780 1996 850 2041 cum
873 1975 934 2041 soli
957 1976 1139 2059 euphoniae
1161 1975 1325 2056 debeatur,
1350 1976 1430 2042 nihil

305 2074 349 2139 ad
371 2075 635 2157 significationem
658 2074 754 2140 valet.
799 2073 888 2137 Haec
910 2080 1059 2154 quattuor
1080 2080 1311 2155 generabunt:

395 2176 424 2246 1)
446 2173 569 2255 alpha
591 2171 843 2255 privativum
869 2166 903 2246 (ἀ
926 2167 1152 2255 occupemur),
1187 2188 1249 2250 quo
1270 2170 1430 2254 vocabuli,
1478 2221 1481 2226 .

307 2269 359 2333 cui
386 2268 561 2352 praefixum
593 2275 656 2347 est,
689 2268 776 2332 notio
805 2272 941 2349 negatur
968 2268 1057 2332 velut
1087 2262 1213 2348 ἄβατος
1241 2285 1305 2330 non
1327 2266 1429 2348 tritrrs,

306 2361 425 2443 ἄδικος
447 2368 593 2449 injustus,
617 2362 768 2451 ἀσθενής
783 2364 853 2431 sine
874 2364 997 2429 robore.
1026 2364 1106 2429 Inde
1128 2363 1225 2428 latins
1239 2382 1315 2428 usna
1330 2368 1429 2446 patet.

392 2467 423 2539 2)
460 2464 585 2547 alpba
614 2462 893 2545 copulativam
923 2458 957 2535 (ἀ
982 2458 1234 2547 ἀθραιστικόν),
1266 2479 1328 2541 quo
1357 2480 1430 2525 con-

302 2559 426 2642 junctio
450 2560 607 2643 quaedam
631 2567 663 2625 et
691 2560 826 2624 societas
851 2558 1048 2642 exprimitur,
1079 2565 1113 2623 ut
1136 2557 1206 2640 jam
1228 2557 1320 2622 Plato
1343 2556 1429 2622 Orat.

306 2679 336 2741 p.
359 2663 421 2722 405
445 2657 469 2722 C
497 2665 583 2722 recte
612 2656 785 2741 explicavit
807 2652 1000 2732 ἀκόλουθος
1028 2664 1060 2721 et
1082 2651 1213 2731 ἄκοιτις
1241 2674 1429 2720 commemo·

305 2775 380 2819 rana
404 2751 517 2818 ὅτιτὸ
541 2750 633 2841 ἄλφα
657 2757 814 2838 σημαίνει
836 2754 1005 2834 πολλαχοῦ
1028 2752 1066 2816 τὸ
1091 2748 1185 2835 ὁμοῦ.

389 2856 422 2925 3)
452 2852 575 2934 alpba
597 2849 847 2916 intensivum
870 2846 902 2926 (ἀ
926 2848 1151 2926 ἐπιτατικόν),
1178 2869 1239 2931 quo
1261 2847 1428 2930 adjectivi,

304 2950 353 3014 cui
390 2946 567 3032 praefixum
596 2955 660 3028 est,
695 2948 782 3012 notio
817 2948 927 3029 augeri
956 2955 988 3012 et
1016 2945 1140 3012 intendi
1175 2946 1306 3025 dicitur,
1340 2945 1449 3010 velnt'

304 3042 449 3131 ἀσελγής
485 3044 658 3111 secundum
688 3046 738 3109 Et.
774 3044 881 3127 Magn.
919 3049 995 3125 152,
1030 3049 1071 3107 40
1111 3040 1205 3126 παρὰ
1238 3041 1278 3105 τὸ
1312 3042 1428 3126 cotye

303 3142 341 3208 τὸ
365 3137 486 3207 ἀτταταῖ
514 3142 570 3206 καὶ
599 3140 742 3221 σκοτίζω
770 3138 915 3227 θελγής·
944 3142 1001 3204 καὶ
1029 3136 1114 3221 μετὰ
1141 3140 1200 3202 τοῦ
1230 3135 1429 3204 ἓττιτατικοῦ

302 3265 324 3303 α
338 3237 491 3327 ἀθελγὴς
514 3239 571 3303 καὶ
593 3234 747 3326 ἀσελγής,
771 3238 823 3303 vel
846 3234 1029 3322 ἅσττερχής,
1052 3237 1146 3319 cujus
1167 3234 1355 3299 adverbium
1378 3254 1428 3301 se·

302 3338 441 3404 cundum
479 3338 529 3401 nt.
559 3336 665 3418 Magn.
698 3339 775 3416 156,
804 3340 844 3400 55
873 3334 893 3399 i.
924 3354 952 3400 e.
981 3354 1011 3416 q.
1042 3329 1286 3409 ἀδιαλείπτως,
1317 3338 1378 3397 τοῦ
1406 3356 1428 3396 α

303 3432 378 3499 κατ’
416 3431 573 3499 ἐπίτασιν
581 3482 590 3511 ,
621 3437 775 3497 τουτέστι
805 3430 849 3497 τὸΔ
878 3428 961 3516 ἄγαν
990 3430 1231 3511 ἒσττευσμένον,
1264 3427 1357 3513 παρὰ
1387 3427 1427 3493 τὸ

303 3530 451 3614 σττέρχω.

386 3634 419 3703 4)
443 3627 568 3710 alpha
591 3627 874 3709 euphonicum,
899 3627 940 3692 de
963 3646 1025 3708 quo
1040 3625 1133 3691 varia
1155 3622 1331 3688 traduntur.
1367 3624 1428 3688 Re·

302 3727 477 3791 centiorum
499 3724 792 3806 grammaticorum,
821 3725 875 3806 qui
905 3723 1034 3807 quidem
1059 3730 1201 3787 veterum
1229 3720 1426 3802 collegarum

302 3823 478 3888 sententias
510 3820 660 3903 amplecti
695 3822 814 3900 solent,
855 3820 1028 3886 Passoviun
1065 3821 1199 3883 fortasse
1238 3816 1426 3899 probabilio-

302 3921 412 3984 aimam
431 3918 676 4000 explicationem
700 3918 842 4001 protulit,
865 3937 938 3983 cum
960 3918 1020 3982 boc
1039 3916 1139 4000 alpba
1160 3912 1332 3981 leniendae
1355 3933 1427 3996 pro·

303 4015 495 4082 nuntiationi
530 4014 686 4081 inservire
724 4014 860 4096 diceret,
898 4022 933 4079 ut
963 4014 997 4078 in
1035 4010 1218 4098 ἀβληχρός,
1255 4007 1425 4094 donatum,

303 4110 459 4199 ἀσταφίς.
503 4112 608 4176 Minus
638 4112 788 4177 distincte
819 4112 1018 4192 Lobeckins,
1052 4110 1141 4195 path.
1175 4128 1268 4174 serm.
1298 4105 1354 4171 Gr.
1384 4107 1425 4171 el.
1533 4133 1540 4151 ·

303 4210 381 4276 136
411 4207 510 4292 alpha
533 4208 745 4291 euphonicum
775 4208 872 4274 etiam
899 4203 1319 4335 pleonaaticum*dicit,
1349 4203 1425 4284 quia

1188 4308 1199 4355 1
