<?xml version="1.0" encoding="UTF-8"?>
<!DOCTYPE html PUBLIC "-//W3C//DTD XHTML 1.0 Transitional//EN"
    "http://www.w3.org/TR/xhtml1/DTD/xhtml1-transitional.dtd">
<html xmlns="http://www.w3.org/1999/xhtml" xml:lang="en" lang="en">
 <head>
  <title>
</title>
<meta http-equiv="Content-Type" content="text/html;charset=utf-8" />
  <meta name='ocr-system' content='tesseract 3.04.00' />
  <meta name='ocr-capabilities' content='ocr_page ocr_carea ocr_par ocr_line ocrx_word'/>
</head>
<body>
  <div class='ocr_page' id='page_1' title='image "./studienzurgriec00curtgoog_0088.png"; bbox 0 0 3575 5334; ppageno 0'>
   <div class='ocr_carea' id='block_1_1' title="bbox 343 675 957 736">
    <p class='ocr_par' dir='ltr' id='par_1_1' title="bbox 343 675 957 736">
     <span class='ocr_line' id='line_1_1' title="bbox 343 675 957 736; baseline -0.008 -1"><span class='ocrx_word' id='word_1_1' title='bbox 343 675 382 736; x_wconf 80' lang='lat'><strong>78</strong></span> <span class='ocrx_word' id='word_1_2' title='bbox 857 678 957 732; x_wconf 83' lang='lat' dir='ltr'><strong>Clemm</strong></span> 
     </span>
    </p>
   </div>
   <div class='ocr_carea' id='block_1_2' title="bbox 333 849 1465 1810">
    <p class='ocr_par' dir='ltr' id='par_1_2' title="bbox 333 849 1465 1810">
     <span class='ocr_line' id='line_1_2' title="bbox 340 849 1465 934; baseline -0.001 -18"><span class='ocrx_word' id='word_1_3' title='bbox 340 850 485 931; x_wconf 88' lang='lat' dir='ltr'><strong>modurn,</strong></span> <span class='ocrx_word' id='word_1_4' title='bbox 518 857 676 933; x_wconf 80' lang='lat' dir='ltr'><strong>proterve.</strong></span> <span class='ocrx_word' id='word_1_5' title='bbox 724 851 818 927; x_wconf 81' lang='lat' dir='ltr'><strong>„Non</strong></span> <span class='ocrx_word' id='word_1_6' title='bbox 842 850 1068 934; x_wconf 83' lang='lat' dir='ltr'><strong>aspiciendus“</strong></span> <span class='ocrx_word' id='word_1_7' title='bbox 1091 856 1124 916; x_wconf 88' lang='lat' dir='ltr'><strong>et</strong></span> <span class='ocrx_word' id='word_1_8' title='bbox 1145 849 1352 927; x_wconf 81' lang='lat' dir='ltr'><strong>„inauditus“</strong></span> <span class='ocrx_word' id='word_1_9' title='bbox 1374 871 1465 934; x_wconf 88' lang='lat' dir='ltr'><strong>syno-</strong></span> 
     </span>
     <span class='ocr_line' id='line_1_3' title="bbox 333 947 1465 1033; baseline 0.002 -21"><span class='ocrx_word' id='word_1_10' title='bbox 333 968 439 1033; x_wconf 86' lang='lat' dir='ltr'><strong>nyma</strong></span> <span class='ocrx_word' id='word_1_11' title='bbox 460 954 549 1030; x_wconf 79' lang='lat' dir='ltr'><strong>sunt3</strong></span> <span class='ocrx_word' id='word_1_12' title='bbox 572 947 718 1029; x_wconf 89' lang='lat' dir='ltr'><strong>ideoque,</strong></span> <span class='ocrx_word' id='word_1_13' title='bbox 748 947 824 1031; x_wconf 85' lang='lat' dir='ltr'><strong>quia</strong></span> <span class='ocrx_word' id='word_1_14' title='bbox 847 953 1016 1031; x_wconf 88' lang='lat' dir='ltr'><strong>utrumque</strong></span> <span class='ocrx_word' id='word_1_15' title='bbox 1038 947 1151 1013; x_wconf 88' lang='lat' dir='ltr'><strong>eadem</strong></span> <span class='ocrx_word' id='word_1_16' title='bbox 1174 947 1241 1013; x_wconf 83' lang='lat' dir='ltr'><strong>fere</strong></span> <span class='ocrx_word' id='word_1_17' title='bbox 1262 947 1465 1015; x_wconf 84' lang='lat' dir='ltr'><strong>multitudine</strong></span> 
     </span>
     <span class='ocr_line' id='line_1_4' title="bbox 339 1044 1465 1130; baseline -0.001 -18"><span class='ocrx_word' id='word_1_18' title='bbox 339 1046 569 1130; x_wconf 79' lang='lat' dir='ltr'><strong>adjectivorum</strong></span> <span class='ocrx_word' id='word_1_19' title='bbox 599 1045 712 1127; x_wconf 90' lang='lat' dir='ltr'><strong>quibus</strong></span> <span class='ocrx_word' id='word_1_20' title='bbox 745 1044 867 1127; x_wconf 92' lang='lat' dir='ltr'><strong>aliquid</strong></span> <span class='ocrx_word' id='word_1_21' title='bbox 897 1046 1096 1130; x_wconf 81' lang='lat' dir='ltr'><strong>vituperatur</strong></span> <span class='ocrx_word' id='word_1_22' title='bbox 1127 1045 1219 1111; x_wconf 80' lang='lat' dir='ltr'><strong>reddi</strong></span> <span class='ocrx_word' id='word_1_23' title='bbox 1248 1051 1370 1129; x_wconf 87' lang='lat' dir='ltr'><strong>potest,</strong></span> <span class='ocrx_word' id='word_1_24' title='bbox 1401 1052 1465 1111; x_wconf 82' lang='lat' dir='ltr'><strong>tarn</strong></span> 
     </span>
     <span class='ocr_line' id='line_1_5' title="bbox 338 1143 1464 1227; baseline 0.002 -20"><span class='ocrx_word' id='word_1_25' title='bbox 338 1144 404 1209; x_wconf 89' lang='lat' dir='ltr'><strong>late</strong></span> <span class='ocrx_word' id='word_1_26' title='bbox 427 1162 534 1208; x_wconf 89' lang='lat' dir='ltr'><strong>eorum</strong></span> <span class='ocrx_word' id='word_1_27' title='bbox 557 1163 634 1208; x_wconf 86' lang='lat' dir='ltr'><strong>usus</strong></span> <span class='ocrx_word' id='word_1_28' title='bbox 656 1149 752 1225; x_wconf 88' lang='lat' dir='ltr'><strong>patet.</strong></span> <span class='ocrx_word' id='word_1_29' title='bbox 789 1143 885 1227; x_wconf 88' lang='lat' dir='ltr'><strong>Apud</strong></span> <span class='ocrx_word' id='word_1_30' title='bbox 908 1144 1001 1209; x_wconf 90' lang='lat' dir='ltr'><strong>Pind.</strong></span> <span class='ocrx_word' id='word_1_31' title='bbox 1025 1143 1119 1227; x_wconf 88' lang='lat' dir='ltr'><strong>Pyth.</strong></span> <span class='ocrx_word' id='word_1_32' title='bbox 1135 1143 1186 1207; x_wconf 90' lang='grc' dir='ltr'><strong>ΙΙΙ</strong></span> <span class='ocrx_word' id='word_1_33' title='bbox 1201 1146 1241 1209; x_wconf 87' lang='grc'><strong>48</strong></span> <span class='ocrx_word' id='word_1_34' title='bbox 1265 1162 1389 1226; x_wconf 85' lang='lat' dir='ltr'><strong>corvus,</strong></span> <span class='ocrx_word' id='word_1_35' title='bbox 1414 1143 1464 1226; x_wconf 90' lang='lat' dir='ltr'><strong>qui</strong></span> 
     </span>
     <span class='ocr_line' id='line_1_6' title="bbox 337 1236 1462 1326; baseline -0.001 -20"><span class='ocrx_word' id='word_1_36' title='bbox 337 1241 481 1326; x_wconf 81' lang='lat' dir='ltr'><strong>Apollini</strong></span> <span class='ocrx_word' id='word_1_37' title='bbox 503 1240 631 1306; x_wconf 90' lang='lat' dir='ltr'><strong>nuntiat</strong></span> <span class='ocrx_word' id='word_1_38' title='bbox 652 1240 770 1324; x_wconf 84' lang='lat' dir='ltr'><strong>Ischyn</strong></span> <span class='ocrx_word' id='word_1_39' title='bbox 797 1240 947 1307; x_wconf 81' lang='lat' dir='ltr'><strong>Coronidi</strong></span> <span class='ocrx_word' id='word_1_40' title='bbox 970 1241 1034 1305; x_wconf 92' lang='lat' dir='ltr'><strong>vim</strong></span> <span class='ocrx_word' id='word_1_41' title='bbox 1056 1240 1211 1321; x_wconf 85' lang='lat' dir='ltr'><strong>attulisse,</strong></span> <span class='ocrx_word' id='word_1_42' title='bbox 1238 1240 1365 1307; x_wconf 88' lang='lat' dir='ltr'><strong>nuntiat</strong></span> <span class='ocrx_word' id='word_1_43' title='bbox 1388 1236 1462 1325; x_wconf 72' lang='grc' dir='ltr'><strong>ἔργ’</strong></span> 
     </span>
     <span class='ocr_line' id='line_1_7' title="bbox 340 1336 1464 1424; baseline 0.001 -21"><span class='ocrx_word' id='word_1_44' title='bbox 340 1336 491 1424; x_wconf 79' lang='grc' dir='ltr'><em>ἀίδηλα</em></span> <span class='ocrx_word' id='word_1_45' title='bbox 514 1359 579 1404; x_wconf 93' lang='lat' dir='ltr'><strong>non</strong></span> <span class='ocrx_word' id='word_1_46' title='bbox 602 1337 780 1416; x_wconf 74' lang='lat' dir='ltr'><strong>„obscura“</strong></span> <span class='ocrx_word' id='word_1_47' title='bbox 802 1339 888 1403; x_wconf 87' lang='lat' dir='ltr'><strong>facta</strong></span> <span class='ocrx_word' id='word_1_48' title='bbox 915 1345 948 1403; x_wconf 92' lang='lat' dir='ltr'><strong>ut</strong></span> <span class='ocrx_word' id='word_1_49' title='bbox 972 1340 1069 1420; x_wconf 87' lang='lat' dir='ltr'><strong>vulgo</strong></span> <span class='ocrx_word' id='word_1_50' title='bbox 1092 1338 1272 1420; x_wconf 83' lang='lat' dir='ltr'><strong>explicatur</strong></span> <span class='ocrx_word' id='word_1_51' title='bbox 1297 1337 1355 1403; x_wconf 88' lang='lat' dir='ltr'><strong>sed</strong></span> <span class='ocrx_word' id='word_1_52' title='bbox 1377 1357 1464 1415; x_wconf 83' lang='lat' dir='ltr'><strong>„ne-</strong></span> 
     </span>
     <span class='ocr_line' id='line_1_8' title="bbox 337 1430 1463 1518; baseline -0.002 -17"><span class='ocrx_word' id='word_1_53' title='bbox 337 1435 491 1502; x_wconf 83' lang='lat' dir='ltr'><strong>fanda“.</strong></span> <span class='ocrx_word' id='word_1_54' title='bbox 523 1434 698 1518; x_wconf 88' lang='lat' dir='ltr'><strong>Sophocles</strong></span> <span class='ocrx_word' id='word_1_55' title='bbox 721 1435 772 1517; x_wconf 81' lang='lat' dir='ltr'><strong>Aj.</strong></span> <span class='ocrx_word' id='word_1_56' title='bbox 795 1439 857 1501; x_wconf 85' lang='grc'><strong>608</strong></span> <span class='ocrx_word' id='word_1_57' title='bbox 879 1436 1047 1500; x_wconf 91' lang='lat' dir='ltr'><strong>Plutonem</strong></span> <span class='ocrx_word' id='word_1_58' title='bbox 1069 1442 1164 1501; x_wconf 86' lang='lat' dir='ltr'><strong>vocat</strong></span> <span class='ocrx_word' id='word_1_59' title='bbox 1185 1434 1241 1498; x_wconf 90' lang='grc' dir='ltr'><strong>τὸν</strong></span> <span class='ocrx_word' id='word_1_60' title='bbox 1264 1430 1463 1518; x_wconf 74' lang='grc' dir='ltr'><em>ἀπότροπον</em></span> 
     </span>
     <span class='ocr_line' id='line_1_9' title="bbox 338 1529 1462 1619; baseline -0.001 -21"><span class='ocrx_word' id='word_1_61' title='bbox 338 1530 515 1619; x_wconf 79' lang='grc' dir='ltr'><strong>ἀίδηλον</strong></span> <span class='ocrx_word' id='word_1_62' title='bbox 557 1529 670 1597; x_wconf 77' lang='grc' dir='ltr'><em>Ἅιδαν</em></span> <span class='ocrx_word' id='word_1_63' title='bbox 707 1532 959 1597; x_wconf 87' lang='lat' dir='ltr'><strong>abominandum</strong></span> <span class='ocrx_word' id='word_1_64' title='bbox 998 1551 1103 1614; x_wconf 86' lang='lat' dir='ltr'><strong>neque</strong></span> <span class='ocrx_word' id='word_1_65' title='bbox 1138 1531 1359 1614; x_wconf 86' lang='lat' dir='ltr'><strong>aspiciendum</strong></span> <span class='ocrx_word' id='word_1_66' title='bbox 1395 1533 1462 1599; x_wconf 85' lang='lat' dir='ltr'><strong>scil.</strong></span> 
     </span>
     <span class='ocr_line' id='line_1_10' title="bbox 338 1625 1461 1716; baseline -0.002 -21"><span class='ocrx_word' id='word_1_67' title='bbox 338 1638 468 1714; x_wconf 85' lang='lat' dir='ltr'><strong>propter</strong></span> <span class='ocrx_word' id='word_1_68' title='bbox 496 1629 681 1694; x_wconf 85' lang='lat' dir='ltr'><strong>horribilem</strong></span> <span class='ocrx_word' id='word_1_69' title='bbox 709 1629 781 1716; x_wconf 82' lang='lat' dir='ltr'><strong>ejus</strong></span> <span class='ocrx_word' id='word_1_70' title='bbox 809 1635 965 1694; x_wconf 85' lang='lat' dir='ltr'><strong>naturam.</strong></span> <span class='ocrx_word' id='word_1_71' title='bbox 1010 1627 1089 1708; x_wconf 75' lang='lat' dir='ltr'><strong>Quis</strong></span> <span class='ocrx_word' id='word_1_72' title='bbox 1111 1625 1287 1704; x_wconf 85' lang='grc' dir='ltr'><em>ἀίδαλος</em></span> <span class='ocrx_word' id='word_1_73' title='bbox 1313 1627 1405 1709; x_wconf 77' lang='grc' dir='ltr'><em>Τύχα</em></span> <span class='ocrx_word' id='word_1_74' title='bbox 1427 1628 1461 1695; x_wconf 81' lang='lat' dir='ltr'><strong>G.</strong></span> 
     </span>
     <span class='ocr_line' id='line_1_11' title="bbox 337 1726 1462 1810; baseline 0 -19"><span class='ocrx_word' id='word_1_75' title='bbox 337 1728 363 1792; x_wconf 95' lang='lat' dir='ltr'><strong>I.</strong></span> <span class='ocrx_word' id='word_1_76' title='bbox 380 1727 435 1792; x_wconf 83' lang='lat' dir='ltr'><strong>Gr.</strong></span> <span class='ocrx_word' id='word_1_77' title='bbox 458 1746 488 1789; x_wconf 92' lang='lat' dir='ltr'><strong>n.</strong></span> <span class='ocrx_word' id='word_1_78' title='bbox 510 1730 592 1792; x_wconf 81' lang='lat'>3328</span> <span class='ocrx_word' id='word_1_79' title='bbox 615 1726 777 1809; x_wconf 79' lang='lat' dir='ltr'><strong>scripserit</strong></span> <span class='ocrx_word' id='word_1_80' title='bbox 799 1728 957 1792; x_wconf 88' lang='lat' dir='ltr'><strong>nescimus</strong></span> <span class='ocrx_word' id='word_1_81' title='bbox 980 1726 1037 1791; x_wconf 90' lang='lat' dir='ltr'><strong>sed</strong></span> <span class='ocrx_word' id='word_1_82' title='bbox 1060 1746 1173 1792; x_wconf 88' lang='lat' dir='ltr'><strong>sensus</strong></span> <span class='ocrx_word' id='word_1_83' title='bbox 1195 1726 1383 1810; x_wconf 89' lang='lat' dir='ltr'><strong>perspicuus</strong></span> <span class='ocrx_word' id='word_1_84' title='bbox 1406 1735 1462 1794; x_wconf 87' lang='lat' dir='ltr'><strong>est.</strong></span> 
     </span>
    </p>
   </div>
   <div class='ocr_carea' id='block_1_3' title="bbox 336 1832 1463 2331">
    <p class='ocr_par' dir='ltr' id='par_1_3' title="bbox 336 1832 1463 2331">
     <span class='ocr_line' id='line_1_12' title="bbox 424 1832 692 1927; baseline -0.004 -28"><span class='ocrx_word' id='word_1_85' title='bbox 424 1840 480 1927; x_wconf 56' lang='lat'><strong>21)</strong></span> <span class='ocrx_word' id='word_1_86' title='bbox 514 1832 692 1922; x_wconf 81' lang='grc' dir='ltr'><em>ἀκηδής,</em></span> 
     </span>
     <span class='ocr_line' id='line_1_13' title="bbox 337 1954 1462 2037; baseline 0.004 -19"><span class='ocrx_word' id='word_1_87' title='bbox 337 1954 450 2037; x_wconf 81' lang='lat' dir='ltr'><strong>„cujus</strong></span> <span class='ocrx_word' id='word_1_88' title='bbox 471 1954 561 2019; x_wconf 88' lang='lat' dir='ltr'><strong>nulla</strong></span> <span class='ocrx_word' id='word_1_89' title='bbox 589 1962 637 2019; x_wconf 90' lang='lat' dir='ltr'><strong>est</strong></span> <span class='ocrx_word' id='word_1_90' title='bbox 665 1959 761 2019; x_wconf 79' lang='lat' dir='ltr'><strong>cu1·a“</strong></span> <span class='ocrx_word' id='word_1_91' title='bbox 790 1955 877 2037; x_wconf 89' lang='lat' dir='ltr'><strong>apud</strong></span> <span class='ocrx_word' id='word_1_92' title='bbox 901 1956 1072 2021; x_wconf 86' lang='lat' dir='ltr'><strong>Homerum</strong></span> <span class='ocrx_word' id='word_1_93' title='bbox 1095 1961 1150 2018; x_wconf 83' lang='lat' dir='ltr'><strong>aut</strong></span> <span class='ocrx_word' id='word_1_94' title='bbox 1173 1958 1236 2018; x_wconf 87' lang='lat' dir='ltr'><strong>est:</strong></span> <span class='ocrx_word' id='word_1_95' title='bbox 1265 1956 1319 2034; x_wconf 87' lang='lat' dir='ltr'><strong>qui</strong></span> <span class='ocrx_word' id='word_1_96' title='bbox 1341 1958 1462 2023; x_wconf 89' lang='lat' dir='ltr'><strong>nullam</strong></span> 
     </span>
     <span class='ocr_line' id='line_1_14' title="bbox 337 2052 1463 2135; baseline 0.005 -19"><span class='ocrx_word' id='word_1_97' title='bbox 337 2072 444 2117; x_wconf 86' lang='lat' dir='ltr'><strong>curam</strong></span> <span class='ocrx_word' id='word_1_98' title='bbox 467 2052 579 2130; x_wconf 85' lang='lat' dir='ltr'><strong>habet,</strong></span> <span class='ocrx_word' id='word_1_99' title='bbox 603 2053 787 2134; x_wconf 84' lang='lat' dir='ltr'><strong>neglegens,</strong></span> <span class='ocrx_word' id='word_1_100' title='bbox 811 2058 881 2117; x_wconf 86' lang='lat' dir='ltr'><strong>aut:</strong></span> <span class='ocrx_word' id='word_1_101' title='bbox 912 2053 1002 2134; x_wconf 88' lang='lat' dir='ltr'><strong>cujus</strong></span> <span class='ocrx_word' id='word_1_102' title='bbox 1023 2053 1115 2117; x_wconf 85' lang='lat' dir='ltr'><strong>nulla</strong></span> <span class='ocrx_word' id='word_1_103' title='bbox 1137 2070 1214 2118; x_wconf 86' lang='lat' dir='ltr'><strong>cura</strong></span> <span class='ocrx_word' id='word_1_104' title='bbox 1236 2052 1387 2135; x_wconf 87' lang='lat' dir='ltr'><strong>habetur,</strong></span> <span class='ocrx_word' id='word_1_105' title='bbox 1411 2075 1463 2121; x_wconf 77' lang='lat' dir='ltr'><strong>ne-</strong></span> 
     </span>
     <span class='ocr_line' id='line_1_15' title="bbox 336 2148 1463 2232; baseline 0.003 -18"><span class='ocrx_word' id='word_1_106' title='bbox 336 2150 468 2232; x_wconf 88' lang='lat' dir='ltr'><strong>glectus.</strong></span> <span class='ocrx_word' id='word_1_107' title='bbox 498 2150 629 2214; x_wconf 86' lang='lat' dir='ltr'><strong>Praeter</strong></span> <span class='ocrx_word' id='word_1_108' title='bbox 656 2148 740 2214; x_wconf 88' lang='lat' dir='ltr'><strong>hanc</strong></span> <span class='ocrx_word' id='word_1_109' title='bbox 756 2154 868 2229; x_wconf 86' lang='lat' dir='ltr'><strong>aperte</strong></span> <span class='ocrx_word' id='word_1_110' title='bbox 889 2149 1072 2230; x_wconf 85' lang='lat' dir='ltr'><strong>negativam</strong></span> <span class='ocrx_word' id='word_1_111' title='bbox 1096 2149 1360 2232; x_wconf 86' lang='lat' dir='ltr'><strong>significationem</strong></span> <span class='ocrx_word' id='word_1_112' title='bbox 1376 2153 1463 2217; x_wconf 87' lang='lat' dir='ltr'><strong>Butt-</strong></span> 
     </span>
     <span class='ocr_line' id='line_1_16' title="bbox 336 2244 1462 2331; baseline 0.004 -20"><span class='ocrx_word' id='word_1_113' title='bbox 336 2267 482 2331; x_wconf 82' lang='lat' dir='ltr'><strong>mannus,</strong></span> <span class='ocrx_word' id='word_1_114' title='bbox 504 2266 636 2328; x_wconf 84' lang='lat' dir='ltr'><strong>gramm.</strong></span> <span class='ocrx_word' id='word_1_115' title='bbox 653 2246 750 2329; x_wconf 89' lang='lat' dir='ltr'><strong>ampl.</strong></span> <span class='ocrx_word' id='word_1_116' title='bbox 767 2245 876 2309; x_wconf 83' lang='grc'><strong>11467</strong></span> <span class='ocrx_word' id='word_1_117' title='bbox 901 2244 996 2310; x_wconf 87' lang='lat' dir='ltr'><strong>etiam</strong></span> <span class='ocrx_word' id='word_1_118' title='bbox 1013 2246 1206 2313; x_wconf 88' lang='lat' dir='ltr'><strong>intensivam</strong></span> <span class='ocrx_word' id='word_1_119' title='bbox 1225 2249 1462 2330; x_wconf 86' lang='lat' dir='ltr'><strong>agnoscendam</strong></span> 
     </span>
    </p>
   </div>
   <div class='ocr_carea' id='block_1_4' title="bbox 336 2340 1462 2505">
    <p class='ocr_par' dir='ltr' id='par_1_4' title="bbox 336 2340 1462 2505">
     <span class='ocr_line' id='line_1_17' title="bbox 336 2340 1462 2504; baseline 0.002 -94"><span class='ocrx_word' id='word_1_120' title='bbox 336 2364 407 2504; x_wconf 60' lang='grc' dir='ltr'><strong>ῗῗῗο</strong></span> <span class='ocrx_word' id='word_1_121' title='bbox 429 2344 517 2424; x_wconf 72' lang='lat' dir='ltr'><strong>dicit,</strong></span> <span class='ocrx_word' id='word_1_122' title='bbox 529 2363 590 2425; x_wconf 93' lang='lat' dir='ltr'><strong>quo</strong></span> <span class='ocrx_word' id='word_1_123' title='bbox 614 2344 847 2409; x_wconf 83' lang='lat' dir='ltr'><strong>substantivum</strong></span> <span class='ocrx_word' id='word_1_124' title='bbox 871 2343 1031 2425; x_wconf 84' lang='lat' dir='ltr'><strong>pertineat</strong></span> <span class='ocrx_word' id='word_1_125' title='bbox 1050 2340 1193 2428; x_wconf 74' lang='grc' dir='ltr'><strong>ἀκηδεια</strong></span> <span class='ocrx_word' id='word_1_126' title='bbox 1211 2366 1263 2429; x_wconf 84' lang='lat' dir='ltr'><strong>ap.</strong></span> <span class='ocrx_word' id='word_1_127' title='bbox 1280 2346 1342 2427; x_wconf 80' lang='lat' dir='ltr'><strong>Ap.</strong></span> <span class='ocrx_word' id='word_1_128' title='bbox 1358 2346 1462 2412; x_wconf 83' lang='lat' dir='ltr'><strong>Rhod.</strong></span> 
     </span>
     <span class='ocr_line' id='line_1_18' title="bbox 409 2444 474 2505; baseline 0.031 -2"><span class='ocrx_word' id='word_1_129' title='bbox 409 2444 474 2505; x_wconf 78' lang='grc'><strong>298</strong></span> 
     </span>
    </p>
   </div>
   <div class='ocr_carea' id='block_1_5' title="bbox 398 2545 1303 2731">
    <p class='ocr_par' dir='ltr' id='par_1_5' title="bbox 398 2545 1303 2731">
     <span class='ocr_line' id='line_1_19' title="bbox 677 2545 1303 2634; baseline 0.003 -23"><span class='ocrx_word' id='word_1_130' title='bbox 677 2545 811 2623; x_wconf 62' lang='lat' dir='ltr'><strong>analag</strong></span> <span class='ocrx_word' id='word_1_131' title='bbox 835 2547 871 2612; x_wconf 80' lang='grc' dir='ltr'><strong>δὲ</strong></span> <span class='ocrx_word' id='word_1_132' title='bbox 895 2556 1135 2631; x_wconf 76' lang='grc' dir='ltr'><strong><em>μετετρωπᾶτο</em></strong></span> <span class='ocrx_word' id='word_1_133' title='bbox 1158 2549 1303 2634; x_wconf 81' lang='grc' dir='ltr'><strong><em>παρειὰς</em></strong></span> 
     </span>
     <span class='ocr_line' id='line_1_20' title="bbox 398 2640 1269 2731; baseline -0.002 -19"><span class='ocrx_word' id='word_1_134' title='bbox 398 2644 435 2722; x_wconf 78' lang='grc' dir='ltr'><strong>ἐς</strong></span> <span class='ocrx_word' id='word_1_135' title='bbox 457 2645 567 2725; x_wconf 85' lang='grc' dir='ltr'><strong><em>χλόον,</em></strong></span> <span class='ocrx_word' id='word_1_136' title='bbox 594 2640 708 2710; x_wconf 75' lang='grc' dir='ltr'><strong><em>ἄλλοτ’</em></strong></span> <span class='ocrx_word' id='word_1_137' title='bbox 734 2644 889 2727; x_wconf 67' lang='grc' dir='ltr'><strong><em>ἔρευθος,</em></strong></span> <span class='ocrx_word' id='word_1_138' title='bbox 913 2642 1143 2731; x_wconf 80' lang='grc' dir='ltr'><em>ἀκηδείῃσι</em></span> <span class='ocrx_word' id='word_1_139' title='bbox 1165 2645 1269 2710; x_wconf 86' lang='grc' dir='ltr'><strong><em>νόοιο.</em></strong></span> 
     </span>
    </p>
   </div>
   <div class='ocr_carea' id='block_1_6' title="bbox 329 2762 1462 4336">
    <p class='ocr_par' dir='ltr' id='par_1_6' title="bbox 331 2762 1462 3830">
     <span class='ocr_line' id='line_1_21' title="bbox 334 2762 1462 2851; baseline 0.003 -21"><span class='ocrx_word' id='word_1_140' title='bbox 334 2762 400 2830; x_wconf 89' lang='lat' dir='ltr'><strong>Sed</strong></span> <span class='ocrx_word' id='word_1_141' title='bbox 430 2764 548 2829; x_wconf 87' lang='lat' dir='ltr'><strong>usitata</strong></span> <span class='ocrx_word' id='word_1_142' title='bbox 578 2772 626 2829; x_wconf 86' lang='lat' dir='ltr'><strong>est</strong></span> <span class='ocrx_word' id='word_1_143' title='bbox 653 2763 842 2846; x_wconf 86' lang='lat' dir='ltr'><strong>significatio</strong></span> <span class='ocrx_word' id='word_1_144' title='bbox 871 2771 906 2828; x_wconf 93' lang='lat' dir='ltr'><strong>ut</strong></span> <span class='ocrx_word' id='word_1_145' title='bbox 938 2764 1115 2829; x_wconf 84' lang='lat' dir='ltr'><strong>rectissimo</strong></span> <span class='ocrx_word' id='word_1_146' title='bbox 1144 2764 1267 2847; x_wconf 86' lang='lat' dir='ltr'><strong>judicio</strong></span> <span class='ocrx_word' id='word_1_147' title='bbox 1295 2769 1462 2851; x_wconf 84' lang='lat' dir='ltr'><strong>perspexit</strong></span> 
     </span>
     <span class='ocr_line' id='line_1_22' title="bbox 334 2860 1459 2944; baseline 0.004 -18"><span class='ocrx_word' id='word_1_148' title='bbox 334 2861 532 2936; x_wconf 88' lang='lat' dir='ltr'><strong>Lobeckius,</strong></span> <span class='ocrx_word' id='word_1_149' title='bbox 562 2861 652 2944; x_wconf 91' lang='lat' dir='ltr'><strong>path.</strong></span> <span class='ocrx_word' id='word_1_150' title='bbox 676 2860 715 2926; x_wconf 91' lang='lat' dir='ltr'><strong>el.</strong></span> <span class='ocrx_word' id='word_1_151' title='bbox 738 2861 754 2924; x_wconf 96' lang='grc' dir='ltr'>Ι</span> <span class='ocrx_word' id='word_1_152' title='bbox 777 2865 827 2926; x_wconf 87' lang='grc'><strong>35.</strong></span> <span class='ocrx_word' id='word_1_153' title='bbox 872 2860 987 2926; x_wconf 86' lang='lat' dir='ltr'><strong>Medea</strong></span> <span class='ocrx_word' id='word_1_154' title='bbox 1010 2861 1110 2941; x_wconf 82' lang='lat' dir='ltr'><strong>enim,</strong></span> <span class='ocrx_word' id='word_1_155' title='bbox 1138 2860 1258 2943; x_wconf 83' lang='lat' dir='ltr'><strong>inquit,</strong></span> <span class='ocrx_word' id='word_1_156' title='bbox 1281 2882 1391 2929; x_wconf 86' lang='lat' dir='ltr'><strong>amore</strong></span> <span class='ocrx_word' id='word_1_157' title='bbox 1413 2884 1459 2931; x_wconf 94' lang='lat' dir='ltr'><strong>re-</strong></span> 
     </span>
     <span class='ocr_line' id='line_1_23' title="bbox 334 2958 1460 3041; baseline 0.003 -18"><span class='ocrx_word' id='word_1_158' title='bbox 334 2978 410 3024; x_wconf 86' lang='lat' dir='ltr'><strong>cens</strong></span> <span class='ocrx_word' id='word_1_159' title='bbox 452 2964 606 3041; x_wconf 89' lang='lat' dir='ltr'><strong>concepto</strong></span> <span class='ocrx_word' id='word_1_160' title='bbox 649 2964 800 3024; x_wconf 83' lang='lat' dir='ltr'><strong>aestuans</strong></span> <span class='ocrx_word' id='word_1_161' title='bbox 838 2977 923 3022; x_wconf 91' lang='lat' dir='ltr'><strong>nunc</strong></span> <span class='ocrx_word' id='word_1_162' title='bbox 963 2958 1140 3023; x_wconf 87' lang='lat' dir='ltr'><strong>exalbescit</strong></span> <span class='ocrx_word' id='word_1_163' title='bbox 1179 2979 1265 3023; x_wconf 90' lang='lat' dir='ltr'><strong>nunc</strong></span> <span class='ocrx_word' id='word_1_164' title='bbox 1301 2962 1460 3028; x_wconf 87' lang='lat' dir='ltr'><strong>erubescit</strong></span> 
     </span>
     <span class='ocr_line' id='line_1_24' title="bbox 334 3052 1461 3142; baseline 0.004 -23"><span class='ocrx_word' id='word_1_165' title='bbox 334 3053 515 3142; x_wconf 80' lang='grc' dir='ltr'><em>ἀκηδείῃσι</em></span> <span class='ocrx_word' id='word_1_166' title='bbox 546 3052 656 3139; x_wconf 82' lang='grc' dir='ltr'><strong><em>νόοιο;</em></strong></span> <span class='ocrx_word' id='word_1_167' title='bbox 690 3075 799 3121; x_wconf 83' lang='lat' dir='ltr'><strong>verum</strong></span> <span class='ocrx_word' id='word_1_168' title='bbox 834 3063 943 3120; x_wconf 85' lang='lat' dir='ltr'><strong>tamen</strong></span> <span class='ocrx_word' id='word_1_169' title='bbox 972 3054 1033 3119; x_wconf 89' lang='lat' dir='ltr'><strong>hoc</strong></span> <span class='ocrx_word' id='word_1_170' title='bbox 1060 3061 1204 3136; x_wconf 88' lang='lat' dir='ltr'><strong>tempore</strong></span> <span class='ocrx_word' id='word_1_171' title='bbox 1231 3056 1290 3120; x_wconf 89' lang='lat' dir='ltr'><strong>illa</strong></span> <span class='ocrx_word' id='word_1_172' title='bbox 1317 3077 1384 3122; x_wconf 90' lang='lat' dir='ltr'><strong>non</strong></span> <span class='ocrx_word' id='word_1_173' title='bbox 1413 3065 1461 3125; x_wconf 90' lang='lat' dir='ltr'><strong>est</strong></span> 
     </span>
     <span class='ocr_line' id='line_1_25' title="bbox 333 3151 1460 3236; baseline 0.003 -18"><span class='ocrx_word' id='word_1_174' title='bbox 333 3154 430 3220; x_wconf 88' lang='lat' dir='ltr'><strong>anxia</strong></span> <span class='ocrx_word' id='word_1_175' title='bbox 459 3152 517 3220; x_wconf 87' lang='lat' dir='ltr'><strong>sed</strong></span> <span class='ocrx_word' id='word_1_176' title='bbox 547 3151 688 3218; x_wconf 92' lang='lat' dir='ltr'><strong>omnium</strong></span> <span class='ocrx_word' id='word_1_177' title='bbox 717 3172 822 3219; x_wconf 91' lang='lat' dir='ltr'><strong>rerum</strong></span> <span class='ocrx_word' id='word_1_178' title='bbox 850 3157 978 3236; x_wconf 89' lang='lat' dir='ltr'><strong>praeter</strong></span> <span class='ocrx_word' id='word_1_179' title='bbox 1004 3171 1144 3217; x_wconf 92' lang='lat' dir='ltr'><strong>amorem</strong></span> <span class='ocrx_word' id='word_1_180' title='bbox 1170 3152 1330 3219; x_wconf 88' lang='lat' dir='ltr'><strong>incuriosa</strong></span> <span class='ocrx_word' id='word_1_181' title='bbox 1352 3162 1384 3219; x_wconf 91' lang='lat' dir='ltr'><strong>et</strong></span> <span class='ocrx_word' id='word_1_182' title='bbox 1406 3156 1460 3221; x_wconf 92' lang='lat' dir='ltr'><strong>ob·</strong></span> 
     </span>
     <span class='ocr_line' id='line_1_26' title="bbox 331 3247 1460 3336; baseline 0 -19"><span class='ocrx_word' id='word_1_183' title='bbox 331 3252 391 3317; x_wconf 87' lang='lat' dir='ltr'><strong>lita</strong></span> <span class='ocrx_word' id='word_1_184' title='bbox 423 3258 459 3316; x_wconf 90' lang='lat' dir='ltr'><strong>ut</strong></span> <span class='ocrx_word' id='word_1_185' title='bbox 491 3247 621 3336; x_wconf 80' lang='grc' dir='ltr'><em>ἀκηδής</em></span> <span class='ocrx_word' id='word_1_186' title='bbox 650 3249 713 3314; x_wconf 91' lang='lat' dir='ltr'><strong>dici</strong></span> <span class='ocrx_word' id='word_1_187' title='bbox 741 3249 892 3333; x_wconf 85' lang='lat' dir='ltr'><strong>potuerit,</strong></span> <span class='ocrx_word' id='word_1_188' title='bbox 927 3248 1196 3331; x_wconf 86' lang='lat' dir='ltr'><strong>quemadmodum</strong></span> <span class='ocrx_word' id='word_1_189' title='bbox 1224 3268 1314 3314; x_wconf 86' lang='lat' dir='ltr'><strong>amor</strong></span> <span class='ocrx_word' id='word_1_190' title='bbox 1341 3251 1412 3335; x_wconf 88' lang='lat' dir='ltr'><strong>ipse</strong></span> <span class='ocrx_word' id='word_1_191' title='bbox 1440 3272 1460 3317; x_wconf 90' lang='lat' dir='ltr'><strong>a</strong></span> 
     </span>
     <span class='ocr_line' id='line_1_27' title="bbox 333 3343 1460 3431; baseline 0.002 -19"><span class='ocrx_word' id='word_1_192' title='bbox 333 3350 502 3413; x_wconf 81' lang='lat' dir='ltr'><strong>Theocrito</strong></span> <span class='ocrx_word' id='word_1_193' title='bbox 525 3353 657 3413; x_wconf 88' lang='lat' dir='ltr'><strong>vocatur</strong></span> <span class='ocrx_word' id='word_1_194' title='bbox 686 3343 913 3431; x_wconf 77' lang='grc' dir='ltr'><strong>ἀφρόντιστος</strong></span> <span class='ocrx_word' id='word_1_195' title='bbox 934 3346 968 3409; x_wconf 89' lang='lat' dir='ltr'><strong>id</strong></span> <span class='ocrx_word' id='word_1_196' title='bbox 995 3352 1044 3411; x_wconf 91' lang='lat' dir='ltr'><strong>est</strong></span> <span class='ocrx_word' id='word_1_197' title='bbox 1066 3365 1182 3429; x_wconf 84' lang='lat' dir='ltr'><strong>expers</strong></span> <span class='ocrx_word' id='word_1_198' title='bbox 1204 3347 1337 3411; x_wconf 83' lang='lat' dir='ltr'><strong>rationis</strong></span> <span class='ocrx_word' id='word_1_199' title='bbox 1359 3355 1392 3414; x_wconf 90' lang='lat' dir='ltr'><strong>et</strong></span> <span class='ocrx_word' id='word_1_200' title='bbox 1412 3349 1460 3414; x_wconf 92' lang='lat' dir='ltr'><strong>in-</strong></span> 
     </span>
     <span class='ocr_line' id='line_1_28' title="bbox 332 3438 1459 3530; baseline 0 -21"><span class='ocrx_word' id='word_1_201' title='bbox 332 3445 495 3510; x_wconf 89' lang='lat' dir='ltr'><strong>consultus</strong></span> <span class='ocrx_word' id='word_1_202' title='bbox 525 3444 609 3526; x_wconf 92' lang='lat' dir='ltr'><strong>quod</strong></span> <span class='ocrx_word' id='word_1_203' title='bbox 638 3444 737 3510; x_wconf 88' lang='lat' dir='ltr'><strong>schol.</strong></span> <span class='ocrx_word' id='word_1_204' title='bbox 760 3444 842 3509; x_wconf 87' lang='lat' dir='ltr'><strong>falso</strong></span> <span class='ocrx_word' id='word_1_205' title='bbox 871 3443 1098 3526; x_wconf 90' lang='lat' dir='ltr'><strong>interpretatus</strong></span> <span class='ocrx_word' id='word_1_206' title='bbox 1127 3448 1175 3507; x_wconf 91' lang='lat' dir='ltr'><strong>est</strong></span> <span class='ocrx_word' id='word_1_207' title='bbox 1205 3438 1329 3526; x_wconf 79' lang='grc' dir='ltr'><strong>δάγαν</strong></span> <span class='ocrx_word' id='word_1_208' title='bbox 1353 3468 1459 3530; x_wconf 80' lang='grc' dir='ltr'><strong><em>φρον-</em></strong></span> 
     </span>
     <span class='ocr_line' id='line_1_29' title="bbox 332 3540 1459 3624; baseline 0.001 -19"><span class='ocrx_word' id='word_1_209' title='bbox 332 3541 440 3620; x_wconf 82' lang='grc' dir='ltr'><strong><em>τίζων.</em></strong></span> <span class='ocrx_word' id='word_1_210' title='bbox 486 3541 575 3606; x_wconf 91' lang='lat' dir='ltr'><strong>Haec</strong></span> <span class='ocrx_word' id='word_1_211' title='bbox 602 3540 775 3623; x_wconf 85' lang='lat' dir='ltr'><strong>explicatio</strong></span> <span class='ocrx_word' id='word_1_212' title='bbox 802 3541 882 3624; x_wconf 88' lang='lat' dir='ltr'><strong>ipsis</strong></span> <span class='ocrx_word' id='word_1_213' title='bbox 909 3547 1025 3623; x_wconf 89' lang='lat' dir='ltr'><strong>poetae</strong></span> <span class='ocrx_word' id='word_1_214' title='bbox 1052 3540 1198 3606; x_wconf 84' lang='lat' dir='ltr'><strong>versibus</strong></span> <span class='ocrx_word' id='word_1_215' title='bbox 1221 3542 1282 3604; x_wconf 83' lang='lat'><strong>288</strong></span> <span class='ocrx_word' id='word_1_216' title='bbox 1298 3559 1345 3622; x_wconf 89' lang='lat' dir='ltr'><strong>sq.</strong></span> <span class='ocrx_word' id='word_1_217' title='bbox 1376 3561 1459 3606; x_wconf 92' lang='lat' dir='ltr'><strong>com-</strong></span> 
     </span>
     <span class='ocr_line' id='line_1_30' title="bbox 333 3637 1092 3723; baseline -0.005 -19"><span class='ocrx_word' id='word_1_218' title='bbox 333 3640 488 3723; x_wconf 86' lang='lat' dir='ltr'><strong>probatur</strong></span> <span class='ocrx_word' id='word_1_219' title='bbox 509 3637 551 3703; x_wconf 86' lang='lat' dir='ltr'><strong>ab</strong></span> <span class='ocrx_word' id='word_1_220' title='bbox 574 3637 762 3703; x_wconf 85' lang='lat' dir='ltr'><strong>Hennickeo</strong></span> <span class='ocrx_word' id='word_1_221' title='bbox 785 3645 861 3719; x_wconf 88' lang='lat' dir='ltr'><strong>apte</strong></span> <span class='ocrx_word' id='word_1_222' title='bbox 883 3637 1092 3719; x_wconf 89' lang='lat' dir='ltr'><strong>comparatis:</strong></span> 
     </span>
     <span class='ocr_line' id='line_1_31' title="bbox 1153 3741 1392 3830; baseline 0 -21"><span class='ocrx_word' id='word_1_223' title='bbox 1153 3750 1211 3809; x_wconf 88' lang='grc' dir='ltr'><strong>καί</strong></span> <span class='ocrx_word' id='word_1_224' title='bbox 1234 3743 1267 3809; x_wconf 84' lang='grc' dir='ltr'><strong>οἱ</strong></span> <span class='ocrx_word' id='word_1_225' title='bbox 1290 3741 1392 3830; x_wconf 79' lang='grc' dir='ltr'><strong>ἀηντο</strong></span> 
     </span>
    </p>

    <p class='ocr_par' dir='ltr' id='par_1_7' title="bbox 397 3837 1393 3930">
     <span class='ocr_line' id='line_1_32' title="bbox 397 3837 1393 3930; baseline -0.002 -22"><span class='ocrx_word' id='word_1_226' title='bbox 397 3847 552 3928; x_wconf 74' lang='grc' dir='ltr'><strong>στηθέων</strong></span> <span class='ocrx_word' id='word_1_227' title='bbox 581 3842 619 3910; x_wconf 75' lang='grc' dir='ltr'><strong>ἐκ</strong></span> <span class='ocrx_word' id='word_1_228' title='bbox 642 3846 767 3910; x_wconf 82' lang='grc' dir='ltr'><strong><em>ττοκνοὶ</em></strong></span> <span class='ocrx_word' id='word_1_229' title='bbox 789 3841 927 3929; x_wconf 78' lang='grc' dir='ltr'><strong><em>καμάτῳ</em></strong></span> <span class='ocrx_word' id='word_1_230' title='bbox 951 3848 1074 3930; x_wconf 80' lang='grc' dir='ltr'><strong><em>φρένες</em></strong></span> <span class='ocrx_word' id='word_1_231' title='bbox 1097 3840 1175 3907; x_wconf 76' lang='grc' dir='ltr'><strong>οὐδέ</strong></span> <span class='ocrx_word' id='word_1_232' title='bbox 1200 3837 1266 3906; x_wconf 79' lang='grc' dir='ltr'><strong><em>τιν’</em></strong></span> <span class='ocrx_word' id='word_1_233' title='bbox 1291 3838 1393 3929; x_wconf 80' lang='grc' dir='ltr'><em>ἀλλην</em></span> 
     </span>
    </p>

    <p class='ocr_par' dir='ltr' id='par_1_8' title="bbox 329 3939 1456 4336">
     <span class='ocr_line' id='line_1_33' title="bbox 394 3939 640 4027; baseline 0 -21"><span class='ocrx_word' id='word_1_234' title='bbox 394 3947 534 4027; x_wconf 75' lang='grc' dir='ltr'><strong><em>μνῆστιν</em></strong></span> <span class='ocrx_word' id='word_1_235' title='bbox 558 3939 640 4021; x_wconf 70' lang='grc' dir='ltr'><strong><em>ἔχεν.</em></strong></span> 
     </span>
     <span class='ocr_line' id='line_1_34' title="bbox 330 4048 1456 4141; baseline -0.004 -19"><span class='ocrx_word' id='word_1_236' title='bbox 330 4056 376 4123; x_wconf 81' lang='lat' dir='ltr'><strong>Of.</strong></span> <span class='ocrx_word' id='word_1_237' title='bbox 416 4058 465 4121; x_wconf 82' lang='lat' dir='ltr'><strong>Et.</strong></span> <span class='ocrx_word' id='word_1_238' title='bbox 500 4056 541 4121; x_wconf 92' lang='lat' dir='ltr'><strong>M.</strong></span> <span class='ocrx_word' id='word_1_239' title='bbox 581 4060 631 4136; x_wconf 85' lang='grc'><strong>47,</strong></span> <span class='ocrx_word' id='word_1_240' title='bbox 667 4060 706 4118; x_wconf 88' lang='lat'><strong>55</strong></span> <span class='ocrx_word' id='word_1_241' title='bbox 751 4053 890 4141; x_wconf 87' lang='grc' dir='ltr'><em>ἀκηδία·</em></span> <span class='ocrx_word' id='word_1_242' title='bbox 935 4049 956 4141; x_wconf 74' lang='grc' dir='ltr'><em>ἢ</em></span> <span class='ocrx_word' id='word_1_243' title='bbox 997 4048 1111 4141; x_wconf 76' lang='grc' dir='ltr'><em>ἀηδοῦς</em></span> <span class='ocrx_word' id='word_1_244' title='bbox 1152 4051 1352 4117; x_wconf 72' lang='grc' dir='ltr'><em>διακεῖσθαι</em></span> <span class='ocrx_word' id='word_1_245' title='bbox 1397 4076 1456 4117; x_wconf 88' lang='grc' dir='ltr'><strong>κα-</strong></span> 
     </span>
     <span class='ocr_line' id='line_1_35' title="bbox 329 4146 1455 4237; baseline -0.004 -20"><span class='ocrx_word' id='word_1_246' title='bbox 329 4151 597 4235; x_wconf 80' lang='grc' dir='ltr'><strong><em>ταναγκάζοοσα,</em></strong></span> <span class='ocrx_word' id='word_1_247' title='bbox 628 4146 649 4237; x_wconf 78' lang='grc' dir='ltr'><em>ἢ</em></span> <span class='ocrx_word' id='word_1_248' title='bbox 679 4151 785 4237; x_wconf 82' lang='grc' dir='ltr'><strong>μηδὲν</strong></span> <span class='ocrx_word' id='word_1_249' title='bbox 815 4146 903 4237; x_wconf 75' lang='grc' dir='ltr'><strong><em>ἡμᾶς</em></strong></span> <span class='ocrx_word' id='word_1_250' title='bbox 933 4150 1124 4237; x_wconf 79' lang='grc' dir='ltr'><strong><em>φροντίζειν</em></strong></span> <span class='ocrx_word' id='word_1_251' title='bbox 1153 4155 1310 4214; x_wconf 79' lang='grc' dir='ltr'><strong>ποιοῦσα.</strong></span> <span class='ocrx_word' id='word_1_252' title='bbox 1362 4147 1455 4228; x_wconf 80' lang='lat' dir='ltr'><strong>Quod</strong></span> 
     </span>
     <span class='ocr_line' id='line_1_36' title="bbox 329 4244 1455 4336; baseline -0.007 -18"><span class='ocrx_word' id='word_1_253' title='bbox 329 4253 468 4333; x_wconf 89' lang='lat' dir='ltr'><strong>denique</strong></span> <span class='ocrx_word' id='word_1_254' title='bbox 490 4247 613 4336; x_wconf 84' lang='grc' dir='ltr'><em>ἀκηδίο</em></span> <span class='ocrx_word' id='word_1_255' title='bbox 635 4248 721 4314; x_wconf 91' lang='lat' dir='ltr'><strong>idem</strong></span> <span class='ocrx_word' id='word_1_256' title='bbox 745 4269 974 4330; x_wconf 90' lang='lat' dir='ltr'><strong>nonnunquam</strong></span> <span class='ocrx_word' id='word_1_257' title='bbox 998 4255 1046 4314; x_wconf 84' lang='lat' dir='ltr'><strong>est</strong></span> <span class='ocrx_word' id='word_1_258' title='bbox 1063 4254 1160 4329; x_wconf 89' lang='lat' dir='ltr'><strong>atque</strong></span> <span class='ocrx_word' id='word_1_259' title='bbox 1182 4244 1280 4331; x_wconf 78' lang='grc' dir='ltr'><em>λύπη,</em></span> <span class='ocrx_word' id='word_1_260' title='bbox 1302 4246 1336 4310; x_wconf 92' lang='lat' dir='ltr'><strong>id</strong></span> <span class='ocrx_word' id='word_1_261' title='bbox 1359 4266 1455 4313; x_wconf 88' lang='lat' dir='ltr'><strong>sensu</strong></span> 
     </span>
    </p>
   </div>
   <div class='ocr_carea' id='block_1_7' title="bbox 0 0 1792 5334">
    <p class='ocr_par' dir='ltr' id='par_1_9' title="bbox 0 0 1792 5334">
     <span class='ocr_line' id='line_1_37' title="bbox 0 0 1792 5334; baseline 0 4"><span class='ocrx_word' id='word_1_262' title='bbox 0 0 1792 5334; x_wconf 95' lang='lat' dir='ltr'><strong> </strong></span> 
     </span>
    </p>
   </div>
  </div>
 </body>
</html>
