3575 5334
416 667 457 726 50
933 670 1033 723 Clemm

415 849 556 925 possunt,
580 842 607 906 si
622 836 729 925 ἀτμήν
752 841 793 905 ab
810 840 922 906 eadem
939 841 1048 907 radice
1070 865 1145 921 ταμ,
1168 866 1229 922 rep
1252 842 1437 906 derivamus
1453 842 1537 907 unde

415 941 510 1006 simili
539 938 771 1022 significatione
791 943 924 1018 ταμίας,
954 943 1056 1024 ταμίη
1087 938 1295 1004 descendunt.
1340 938 1386 1002 Of.
1412 937 1537 1004 Curtius

415 1038 435 1101 l.
459 1039 480 1100 l.
505 1041 575 1100 221.
620 1035 762 1114 Quodsi
785 1036 832 1099 ita
853 1054 888 1100 se
911 1036 1024 1115 habet,
1051 1037 1151 1119 alpha
1172 1037 1242 1101 sine
1264 1036 1361 1100 dubio
1383 1037 1536 1119 protheti-

414 1154 485 1198 onm
511 1142 568 1200 est.

500 1232 632 1296 Duabus
660 1231 809 1296 consonis
837 1230 999 1311 quondam
1033 1229 1248 1313 praepositum
1279 1237 1348 1295 erat
1375 1231 1477 1313 alpha
1504 1232 1535 1294 in

413 1329 570 1392 vocabulo

499 1466 530 1538 8)
568 1458 734 1540 άεὸναν,

412 1598 498 1680 quod
527 1598 706 1680 Hesychius
735 1593 882 1680 ἀφερνον
911 1590 933 1681 ἢ
961 1594 1228 1680 πολύφερνον
1261 1597 1412 1680 explieat.
1457 1600 1533 1663 Cum

412 1714 507 1759 nemo
531 1694 677 1759 dubitare
705 1694 824 1776 possit,
854 1694 931 1775 quin
961 1693 1045 1757 idern
1069 1695 1109 1758 sit
1137 1694 1222 1775 quod
1251 1692 1376 1772 ἔεόνον,
1411 1715 1452 1760 ex
1475 1698 1533 1761 hac

411 1791 483 1875 ipsa
516 1793 606 1855 varia
637 1792 839 1875 praepositae
867 1792 989 1855 vocalis
1017 1791 1118 1855 forma
1152 1792 1223 1855 luce
1251 1792 1366 1856 clarius
1398 1802 1533 1876 apparet

412 1908 483 1953 eam
506 1908 576 1953 esse
598 1889 807 1971 prothetieam
830 1889 912 1951 utin
929 1886 1052 1952 Cretica
1074 1888 1176 1953 torma
1197 1884 1303 1971 ἀερσα
1326 1894 1457 1971 praeter
1472 1890 1532 1955 Ho-

411 1985 561 2050 mericam
591 1984 720 2073 ἐέρση,Ι
742 1986 880 2050 Atticam
910 1983 1002 2069 ἐ’ρση.
1048 1984 1173 2050 Curtius
1202 1988 1263 2049 228
1292 1985 1435 2052 radicem
1464 2007 1531 2054 esse

412 2081 498 2147 ofod
521 2084 668 2165 probavit
697 2082 783 2148 unde
805 2077 948 2160 ἀνδάνω,
973 2081 1083 2159 dodon,
1110 2078 1251 2166 ἥδομαι,
1282 2077 1364 2166 ridde
1386 2085 1457 2149 sim.
1481 2085 1531 2150 de·

410 2179 576 2245 scendunt.

495 2278 558 2344 Ubi
580 2285 656 2343 ante
679 2277 840 2359 simplices
863 2295 1021 2340 consonas
1046 2276 1256 2357 prothetioum
1278 2275 1379 2358 alpha
1409 2278 1531 2344 inveni-

408 2382 460 2439 tur
488 2376 641 2440 facillime
668 2373 702 2437 id
725 2373 879 2455 explicari
901 2372 1108 2454 cognovimus
1136 2379 1212 2437 ante
1239 2373 1408 2439 continuas
1437 2380 1533 2456 atque

407 2473 562 2555 imprimis
584 2481 659 2536 ante
681 2471 820 2552 liquidas
842 2478 874 2534 et
896 2470 1034 2550 casales,
1057 2470 1147 2552 cujus
1168 2468 1297 2551 generis
1317 2468 1445 2537 Curtius
1468 2493 1529 2537 non

408 2589 511 2651 pauca
533 2568 681 2650 exempla
703 2567 842 2649 collegit.
879 2566 937 2629 His
952 2567 1199 2632 adnumeremus

494 2722 524 2789 ὼ
563 2715 760 2797 ἀλαπάζω

408 2872 513 2936 Sohol.
530 2871 566 2934 B.
586 2872 621 2935 L.
645 2869 687 2935 ad
711 2874 739 2935 E
756 2873 816 2934 166
839 2867 1069 2948 ἀλαπάζοντα·
1093 2918 1149 2933 ...
1169 2865 1267 2952 ἡγὰρ
1290 2868 1452 2947 λάπαθος
1476 2896 1528 2936 κε·

407 2966 530 3054 νωτική
554 2965 626 3033 ἔστι
649 2974 714 3031 τῶν
738 2966 822 3031 κατὰ
845 2972 992 3051 γαστέρα
1010 2968 1134 3030 παθῶν
1150 2967 1207 3029 καὶ
1229 2964 1314 3047 μετὰ
1336 2971 1411 3030 τοῦ
1434 2966 1528 3032 ἔπι-

406 3071 581 3129 τατικοῦ
604 3090 625 3128 α
649 3060 872 3144 ἀλαπάζοντα.
905 3064 950 3129 Of.
975 3065 1023 3127 Et.
1041 3063 1082 3126 M.
1107 3068 1177 3145 535,
1202 3066 1251 3143 49,
1276 3065 1364 3128 Eunt.
1387 3067 1459 3147 838,
1478 3068 1527 3129 61.

407 3162 545 3228 Verbum
575 3158 736 3242 ἀλαπάζω
766 3163 807 3227 ab
837 3162 952 3227 eadem
985 3161 1083 3242 stirpe
1111 3156 1247 3223 ἀλαπαδ
1271 3159 1344 3225 ‚sive
1377 3156 1530 3244 dionodj

405 3260 455 3334 (ol.
480 3261 565 3324 Ourt.
588 3264 661 3335 636)
691 3260 860 3325 descendit
880 3260 968 3323 unde
992 3257 1186 3339 adjectivum
1217 3253 1412 3334 ἀλαπαδνὸς
1442 3260 1526 3341 quod

404 3358 494 3421 varie
516 3357 679 3439 explicant
701 3358 893 3422 recentiores
914 3355 1123 3438 grammatici.
1154 3355 1188 3420 si
1204 3355 1399 3419 Sanscritum
1423 3357 1527 3440 alpe-s

403 3454 570 3535 „exiguus
592 3458 705 3518 rarus“
727 3473 913 3535 comparare
934 3454 1053 3533 liceret,
1076 3452 1176 3534 alpha
1190 3452 1260 3517 sine
1275 3451 1371 3517 dubio
1392 3453 1436 3518 ad
1458 3455 1527 3519 stir-

403 3569 477 3632 pem
500 3550 683 3631 pertineret,
706 3551 763 3614 sed
779 3570 849 3614 cum
867 3548 1056 3615 λαπάσσειν
1074 3549 1162 3614 baud
1183 3550 1294 3632 procul
1309 3550 1403 3629 absit,
1426 3551 1526 3634 alpha

402 3646 502 3711 malui
523 3666 581 3728 pro
603 3647 780 3729 prothetico
802 3647 931 3713 babere.
963 3647 1052 3711 Nihil
1068 3648 1152 3712 enim
1169 3646 1293 3729 proficit
1308 3646 1525 3713 Doederlinus

403 3742 489 3824 quod
517 3744 550 3805 in
579 3744 676 3824 gloss.
706 3744 798 3809 Hom.
826 3745 962 3809 111208
991 3740 1176 3823 ἀλαπάζειν
1204 3764 1224 3808 a
1249 3745 1395 3827 pleniore
1422 3745 1526 3813 forma

403 3837 630 3919 ἄναλαπάζειν
653 3840 787 3921 derivat,
810 3850 895 3906 errat
916 3844 1114 3905 Duentzerus
1136 3841 1221 3922 quod
1243 3843 1277 3905 in
1298 3842 1421 3905 Kuhnii
1445 3843 1524 3909 diar.

402 3937 469 4001 XlI
488 3940 525 4000 12
543 3957 610 4019 sqq.
634 3932 870 4017 ἀ-λα-π-άζειν
893 3946 1001 4003 censet
1024 3938 1154 4004 delendi
1177 3938 1297 4004 habere
1319 3938 1524 4020 significatio-

401 4054 485 4099 nem.
530 4033 630 4097 lmmo
652 4054 728 4099 vero
754 4036 966 4100 exhauriendi
994 4038 1080 4100 notio
1103 4036 1250 4100 omnibus
1271 4036 1335 4100 illis
1357 4037 1525 4103 vocabulis

401 4132 533 4196 subesse
554 4131 680 4195 videtur
702 4139 734 4197 et
757 4128 952 4208 ἀλαπαδνὸς
973 4134 1101 4216 proprie
1123 4140 1186 4197 est:
1209 4134 1393 4200 exhaustus.
1430 4135 1523 4214 Quod

400 4229 429 4291 si
450 4228 495 4292 ita
517 4229 686 4319 sehabet,
716 4229 792 4309 quid
815 4229 917 4310 magis
939 4238 1188 4296 consentaneum
1212 4238 1260 4296 est
1281 4250 1376 4312 qnam
1404 4230 1522 4296 λάπτω
