3575 5334
411 700 452 761 34
926 698 1026 753 Clemm

410 873 560 946 muliebri
582 873 698 937 virtute
721 877 822 951 caret,
847 890 963 953 expers
984 870 1149 951 castitatis,
1172 871 1259 934 mala
1280 871 1404 951 mulier,
1429 890 1534 952 quam·

413 992 508 1053 quam
537 991 593 1053 pro
623 970 748 1034 illorum
777 976 955 1051 temporum
985 967 1126 1032 moribus
1154 987 1219 1031 non
1247 972 1371 1031 tantum
1405 969 1534 1034 sceleris

412 1070 473 1133 hoc
502 1067 658 1132 vocabulo
688 1067 869 1131 continetur
894 1085 988 1147 quam
1018 1065 1044 1129 si
1068 1064 1181 1129 eodem
1211 1063 1353 1147 praefixo
1383 1084 1469 1129 nunc
1491 1065 1534 1129 di-

412 1165 512 1230 cimus
538 1163 718 1228 Unmernclr.
766 1162 857 1241 Quae
886 1183 957 1227 oum
984 1162 1031 1225 ita
1058 1162 1138 1243 sint,
1168 1162 1193 1227 si
1222 1182 1262 1223 un
1291 1160 1468 1245 praefixum
1497 1163 1535 1227 iis

412 1262 577 1328 uocabulis
599 1260 812 1343 anteponitur,
836 1259 961 1342 quaesi
985 1278 1049 1322 non
1065 1257 1141 1340 quid
1164 1259 1240 1324 boni
1263 1279 1321 1342 per
1338 1278 1374 1325 se
1396 1266 1430 1323 at
1452 1266 1536 1325 certe

413 1360 493 1425 nihil
516 1358 592 1424 mali
616 1359 814 1441 exprimunt,
841 1358 936 1422 solita
959 1357 1097 1438 qualitas
1118 1363 1256 1439 negatur
1278 1364 1310 1421 et
1331 1376 1460 1421 sensum
1485 1356 1536 1422 de·

412 1459 614 1542 pravativum
637 1455 796 1538 particula
819 1455 940 1520 habere
962 1460 1069 1538 potest
1084 1460 1118 1518 ut
1139 1452 1311 1519 medeor.
1330 1453 1537 1519 undietmala

412 1574 503 1637 gens,
529 1558 725 1634 nuperrimae
747 1571 873 1617 vermes
894 1552 992 1634 noxii,
1022 1560 1150 1618 nostrae
1172 1552 1288 1616 aetatis
1315 1550 1447 1633 Undinp,
1475 1552 1537 1614 Un-

414 1660 532 1728 inerter,
560 1650 681 1727 Uuzct't,
703 1649 830 1718 similia.

498 1746 623 1812 Eadem
651 1747 775 1811 ratione
804 1748 968 1812 nonnullis
999 1746 1163 1812 vocabulis
1192 1766 1231 1807 rur
1260 1745 1402 1828 praefixo
1428 1766 1537 1828 super-

413 1845 545 1910 lativam
575 1851 609 1908 ut
635 1844 681 1908 ita
709 1842 812 1908 dicam
840 1845 1003 1909 notionem
1032 1843 1181 1908 addimus
1209 1864 1266 1926 pro
1296 1848 1411 1907 natura
1439 1863 1536 1925 oppo-

414 1943 495 2008 sitae
524 1939 772 2023 significationis.
818 1942 871 2007 Sie
899 1949 1040 2007 nostrum
1067 1941 1198 2003 Untlrier
1226 1946 1275 2004 est
1303 1939 1422 2004 animal
1452 1940 1536 2021 quod

414 2038 636 2121 magnitudine
671 2038 800 2102 modum
834 2040 932 2121 vulgo
965 2039 1168 2105 observatum
1206 2036 1347 2118 excedit,
1390 2036 1538 2100 Unrncsse

414 2137 509 2202 nimis
531 2136 640 2218 ampla
661 2134 833 2200 multitudo
856 2136 876 2200 i.
893 2155 922 2201 e.
938 2156 1021 2218 quae
1038 2137 1188 2201 usitatum
1211 2133 1341 2198 modum
1364 2134 1536 2216 egreditur,

418 2233 542 2295 [Juzulrl
562 2254 711 2299 numerus
733 2234 828 2298 solito
851 2232 963 2316 major,
994 2234 1120 2298 similia.
1165 2232 1249 2311 Quin
1272 2232 1368 2297 etiam
1391 2232 1537 2314 ejusdem

413 2330 579 2414 compositi
602 2330 791 2413 significatio
819 2330 865 2393 ita
887 2330 919 2393 in
943 2331 1088 2395 diversas
1110 2337 1218 2413 partes
1240 2330 1329 2394 abire
1352 2334 1475 2410 potest,
1504 2338 1538 2396 ut

413 2425 590 2493 abeodem
619 2425 762 2510 praefixo
791 2427 969 2491 contrariae
998 2428 1143 2493 notiones
1171 2426 1326 2511 proficisci
1356 2424 1537 2491 videantur.

415 2526 482 2589 Nec
503 2529 612 2589 tamen
641 2544 662 2589 a
683 2522 824 2606 praefixo
854 2522 1104 2605 proficiscuntur,
1134 2523 1190 2590 sed
1215 2544 1255 2589 ex
1277 2524 1401 2587 incerta
1423 2531 1538 2589 natura

413 2626 618 2703 comparatae
641 2621 780 2685 notionis
809 2619 1026 2705 profluxerunt
1053 2624 1102 2686 cui
1132 2642 1248 2686 nomen
1278 2640 1348 2684 oum
1379 2622 1538 2703 particula

415 2738 455 2779 un
477 2716 680 2798 conjunctum
703 2716 874 2799 cogitando
897 2719 1095 2800 opponimus.
1135 2720 1218 2783 Nam
1241 2723 1383 2782 nostrum
1412 2717 1537 2801 Untriffe

414 2822 469 2879 aut
497 2812 615 2877 vadum
646 2814 777 2878 denotat
813 2813 862 2886 (cf.
892 2821 956 2879 vet.
988 2815 1095 2881 Germ.
1122 2815 1240 2897 rentiufi
1267 2815 1375 2900 syrtis)
1410 2814 1443 2878 in
1476 2836 1537 2897 quo

413 2910 502 2976 notio
529 2909 755 2993 profunditatis
775 2932 796 2975 a
816 2912 887 2975 loco
914 2911 1052 2993 quodam
1081 2913 1219 2978 fluminis
1247 2913 1451 2995 abjudicatur
1482 2922 1537 2979 aut

413 3008 615 3091 voraginem,
645 3008 741 3072 imum
775 3027 878 3088 mare,
907 3009 941 3072 in
972 3030 1033 3091 quo
1056 3031 1097 3071 un
1119 3016 1174 3074 aut
1203 3031 1330 3076 sensnm
1362 3009 1462 3075 habet
1485 3012 1537 3077 de·

413 3106 615 3191 pravativnm
638 3113 672 3170 ut
699 3106 731 3169 in
760 3106 918 3187 exemplis
946 3126 1043 3189 snpra
1064 3107 1172 3171 allatis
1194 3115 1251 3171 aut
1278 3108 1374 3174 solita
1396 3109 1537 3192 qualitas

413 3207 433 3269 i.
457 3225 484 3269 c.
508 3204 604 3268 solita
632 3202 772 3269 fluminis
800 3202 1001 3287 profunditas
1030 3204 1142 3270 eodem
1165 3206 1419 3289 modonegatur
1441 3216 1537 3290 atque

412 3304 446 3367 in
469 3302 541 3366 aliis
563 3301 628 3365 illis
651 3300 835 3383 compositis
858 3307 954 3364 antea
980 3303 1161 3385 propositis.

499 3398 737 3479 AdJeotivornm
760 3404 792 3461 et
814 3397 1051 3479 participiorum
1075 3398 1166 3479 ratio,
1193 3400 1343 3466 universe
1364 3402 1392 3466 si
1414 3401 1538 3483 quaeri·

414 3515 492 3575 mus,
517 3493 615 3557 multo
631 3494 805 3575 simplicior·
821 3499 877 3571 est,
901 3513 972 3557 eum
990 3493 1029 3565 iis
1045 3494 1234 3561 Germanice
1249 3497 1424 3565 reddendis
1440 3499 1537 3564 etiam

413 3591 588 3657 secundum
612 3590 798 3655 Grimmium
821 3595 930 3655 nostra
952 3592 1080 3673 negatio
1106 3591 1250 3658 sufficiat.
1296 3596 1406 3659 Nilrilo
1429 3602 1537 3660 tamen

393 3690 512 3755 setius
533 3688 567 3751 iu
596 3685 646 3751 his
669 3706 794 3768 quoque
816 3693 880 3751 tam
910 3689 997 3753 lenia
1019 3708 1116 3772 saepe
1146 3689 1330 3756 discrimina
1359 3693 1537 3776 percipiun-

412 3794 474 3867 tur,
496 3785 551 3848 vix
574 3790 609 3847 ut
631 3783 779 3848 distinete
801 3784 1015 3850 circumscribi
1037 3787 1162 3868 possint
1185 3789 1237 3852 vel
1261 3788 1397 3855 diversis
1421 3791 1536 3857 saltem

413 3882 517 3947 modis
539 3880 846 3948 circumscribendae
869 3882 1048 3964 videantur,
1071 3885 1181 3965 quoin
1204 3905 1323 3966 genere
1338 3888 1419 3952 soire
1441 3887 1538 3952 refert

413 3979 489 4062 quid
521 3979 604 4043 inter
636 3984 763 4043 nostras
796 3980 984 4061 negationes
1017 4001 1057 4067 nu
1092 3987 1123 4045 et
1155 3982 1241 4044 m’clt
1271 3985 1407 4049 intersit.
1472 3984 1536 4050 Sed

413 4078 513 4142 etiam·
532 4074 702 4158 adjectivis
717 4075 750 4138 in
774 4074 921 4140 dialectis
943 4076 1134 4157 quibusdam
1150 4099 1190 4140 un
1206 4080 1382 4162 praefixum
1398 4080 1445 4146 ita
1459 4103 1537 4147 non-

412 4194 576 4255 nunquam
598 4174 817 4254 anteponitur,
850 4179 885 4236 ut
907 4174 1028 4237 insoliti
1057 4175 1176 4240 babeat
1206 4178 1368 4243 notionem
1396 4178 1536 4260 indeque

411 4271 614 4336 intensivum.
659 4270 712 4335 Sic
728 4270 904 4353 Stalderus,
930 4269 970 4336 de
994 4272 1083 4336 diali.
1100 4272 1193 4337 Helv.
1209 4295 1240 4357 p.
1255 4278 1316 4339 228
1339 4276 1420 4342 baec
1443 4277 1536 4342 affert
