3575 5334
637 732 670 787 11
686 732 802 787 dialecto
819 732 913 787 Attice
928 733 1081 788 vetustiore.
1116 733 1151 787 11.
1391 731 1452 793 439

331 926 372 971 ex
397 904 506 970 titulis
533 904 685 970 Euboicis
712 902 813 987 petita
842 902 923 986 siut,
952 905 1033 969 nihil
1061 905 1187 987 valere,
1221 905 1296 987 quia
1324 907 1455 971 nomina

330 1003 547 1086 agripetarum
569 1002 744 1071 Atticorum
771 1004 869 1069 fuisse
898 1002 1035 1084 possint,
1066 1009 1159 1069 errat.
1203 1004 1339 1086 primum
1368 1004 1471 1070 enim‘

330 1100 412 1165 haec
434 1099 565 1165 nomina
585 1101 751 1167 literatura
773 1122 838 1165 non
860 1100 967 1164 Attica
994 1100 1051 1165 sed
1074 1100 1184 1165 Ionica
1212 1106 1345 1166 exarata
1369 1108 1453 1183 sunt,

332 1196 373 1261 de
396 1216 458 1278 quo
480 1216 510 1261 v.
528 1196 846 1280 Kirchhofiium,
870 1196 1026 1275 „Studien
1049 1218 1104 1261 nur
1120 1197 1235 1264 Gesch.
1256 1197 1312 1263 des
1334 1198 1452 1280 griech.

331 1294 428 1376 Alph.
438 1294 481 1375 “²,
497 1315 528 1377 p.
544 1297 603 1360 139
619 1315 665 1377 sq.
682 1295 800 1361 deinde
815 1313 853 1359 eo
869 1300 1022 1376 tempore,
1046 1314 1107 1376 quo
1129 1295 1270 1360 laminae
1284 1294 1455 1379 Styrenses

330 1391 505 1473 inscriptae
534 1399 609 1457 sunt
641 1398 716 1471 (non
744 1398 818 1476 post
849 1388 976 1468 0176,
1007 1391 1178 1456 Kirchhoff
1203 1392 1224 1455 l.
1247 1392 1298 1473 1.),
1327 1399 1455 1476 praeter

331 1488 466 1573 praedia
486 1488 742 1571 Hippobotarum
765 1487 930 1562 (Herodot.
957 1488 997 1569 V,·
1020 1492 1071 1565 77)
1093 1489 1226 1553 Euboea
1248 1489 1389 1554 nondum
1411 1490 1454 1555 ab

329 1580 584 1665 Atheniensibus
606 1606 756 1669 possessa
778 1592 857 1652 erat.
902 1591 934 1651 et
954 1592 1068 1668 postea
1090 1605 1160 1650 cum
1187 1584 1234 1649 Ol.
1257 1584 1456 1660 8131111-

332 1689 416 1749 tates
432 1684 594 1749 Euboicae
616 1686 658 1749 ab
674 1684 925 1751 Atheniensibus
947 1681 1155 1765 deiecissent,
1179 1683 1239 1747 etsi
1260 1689 1327 1748 tota
1347 1684 1456 1749 insula

332 1802 353 1846 a
377 1781 501 1847 Pericle
530 1781 663 1848 subacta
695 1787 760 1863 est,
794 1786 903 1847 tamen
933 1780 1072 1846 solorum
1101 1780 1358 1845 Hestiaeensium
1386 1782 1456 1864 agri

331 1879 485 1961 agripetis
511 1878 624 1943 Atticis
647 1878 807 1944 distributi
830 1883 905 1943 sunt
927 1877 1038 1949 (Thuc.
1061 1878 1086 1957 Ι,
1106 1881 1188 1953 114).
1226 1877 1455 1961 Styra'autem

333 1976 486 2060 oppidum
510 1995 580 2039 cum
604 1984 635 2042 et
649 1977 691 2041 ab
707 1976 862 2040 Hestiaea
877 1981 909 2040 et
924 1995 944 2038 a
959 1972 1113 2037 Chalcide
1134 1975 1213 2039 satis
1231 1975 1327 2056 longe
1349 1974 1456 2055 distet,

333 2072 549 2139 Kirchhoidus
572 2073 604 2149 tl.
618 2074 639 2136 l.
657 2076 706 2137 87.
726 2075 798 2148 139)
822 2090 958 2152 eumque
974 2078 1100 2136 secutus
1115 2072 1273 2136 Ermauus
1295 2071 1363 2146 (1.1.
1381 2074 1456 2149 280)

332 2177 419 2236 recte
438 2170 619 2235 iudicarunt
640 2169 773 2251 formas,
800 2188 880 2247 quas
902 2186 944 2232 ex
965 2167 1226 2251 inscriptionibus
1248 2167 1457 2251 Styrensibus
1491 2195 1496 2210 ,

331 2266 436 2347 attuli,
459 2287 524 2332 uon
548 2266 589 2331 de
610 2266 715 2332 Attico
737 2266 826 2332 fonte
846 2265 985 2345 fluxisse,
1009 2265 1066 2330 sed
1088 2264 1231 2349 indigeni
1248 2265 1379 2331 Ionismi
1403 2264 1457 2331 do·

333 2370 482 2430 cumenta
511 2382 591 2430 esse.
641 2364 749 2446 itaque
781 2363 846 2427 iam
880 2364 941 2427 hoc
973 2369 1135 2444 tamquam
1167 2370 1287 2428 certum
1316 2369 1458 2428 statuere

333 2481 517 2547 possumus:
540 2467 710 2544 postquam
733 2462 828 2526 Iones
851 2480 891 2526 ex
914 2460 1019 2525 Attica
1041 2459 1174 2543 profecti
1196 2457 1338 2525 colonias
1360 2460 1457 2525 latius

333 2577 514 2642 propagare
536 2565 724 2641 coeperunt,
748 2558 854 2642 prisca
876 2563 908 2623 et
930 2558 1105 2623 communis
1126 2557 1240 2640 lingua
1263 2578 1369 2624 eorum
1392 2577 1457 2621 non

334 2658 436 2721 solum
460 2656 493 2719 in
516 2656 623 2721 Attica
646 2655 823 2721 diutissime
844 2653 966 2719 intacta
986 2655 1119 2737 mansit,
1149 2653 1207 2720 sed
1236 2654 1333 2721 etiam
1354 2654 1388 2719 in
1411 2654 1457 2720 eis

334 2753 485 2834 coloniis,
515 2773 597 2836 quae
618 2773 639 2818 a
661 2752 830 2835 metropoli
857 2751 1002 2835 proxime
1030 2752 1180 2835 aberant,
1209 2760 1282 2817 uou'
1302 2759 1369 2818 tam
1395 2752 1457 2817 cito

335 2870 430 2934 quam
452 2851 486 2916 iu
515 2851 628 2917 ceteris
656 2850 690 2915 iu
713 2849 940 2915 Neo-Ionicam
967 2848 1136 2915 mollitiem
1157 2869 1196 2913 ac
1216 2868 1322 2932 paene
1344 2848 1460 2931 depra-

333 2950 498 3014 vationem
520 2948 651 3025 11111).
695 2952 809 3030 postea
836 2965 913 3012 vero
938 2966 1009 3010 cum
1031 2966 1117 3011 nova
1138 2945 1257 3028 forma,
1288 2965 1382 3028 quam
1404 2946 1458 3012 Ias

405 3201 438 3264 ³⁰)
459 3199 524 3253 huic
542 3197 693 3254 sentcntiae
710 3196 826 3251 fortasse
844 3193 955 3249 officere
971 3193 1077 3248 videtur
1094 3208 1138 3259 ea,
1163 3209 1244 3262 quam
1261 3194 1293 3247 E.
1313 3193 1458 3249 Curtius

336 3282 369 3336 de
387 3281 489 3349 origine
506 3280 593 3334 tribus
611 3279 721 3334 Ionicae
738 3282 765 3332 et
782 3276 816 3331 de
838 3274 1042 3343 migrationibus
1067 3274 1124 3327 eius
1146 3274 1262 3342 primum
1279 3273 1386 3339 libello,
1413 3274 1460 3342 qni

335 3361 482 3430 inscriptus
501 3364 541 3413 est
565 3357 633 3420 ‚‚Die
649 3357 740 3412 Ionicr
756 3373 805 3413 ror
822 3356 869 3411 der
891 3355 1033 3410 ionischen
1049 3353 1238 3422 waudernug“,
1264 3358 1341 3419 1855,
1363 3351 1460 3408 deinde

336 3441 521 3510 compluribus
539 3438 600 3492 aliis
621 3438 690 3492 locis
708 3437 840 3507 exposuit.
874 3451 937 3491 uam
961 3435 986 3488 ei
1003 3435 1094 3499 Iones,
1117 3433 1223 3503 inquiet
1244 3432 1390 3503 quispiam,
1413 3433 1460 3501 qni

335 3522 365 3577 in
383 3521 449 3576 Asia
466 3521 501 3576 11
525 3535 599 3575 oram
621 3518 703 3573 maria
720 3516 1010 3586 Aegaeihabitahant,
1033 3530 1088 3569 non
1106 3530 1139 3568 ex
1155 3514 1249 3569 Attica
1272 3529 1303 3569 eo
1322 3520 1459 3578 venerant,

337 3602 384 3657 sed
405 3602 490 3656 multo
514 3606 577 3655 ante
602 3599 634 3653 de
656 3599 792 3653 montibus
810 3597 892 3652 Asiae
914 3612 964 3666 per
985 3594 1130 3665 Phrygiam
1152 3600 1180 3647 et
1203 3594 1311 3649 Cariam
1334 3594 1459 3663 proiecti,
1542 3609 1546 3619 ·

338 3698 400 3737 cum
424 3680 470 3735 1111
491 3696 540 3751 per
560 3679 662 3734 insulas
686 3678 859 3745 interpositas
883 3676 918 3731 ad
940 3675 1125 3745 occupandam
1143 3675 1285 3729 Graeciam
1308 3681 1459 3744 pergerent,

335 3752 389 3833 ipsi
406 3763 435 3815 in
453 3760 558 3830 oppidis
576 3758 716 3813 maritimis
733 3762 933 3823 remanserant,
958 3756 1090 3826 quomodo
1113 3755 1172 3809 fieri
1189 3755 1292 3825 potuit,
1316 3760 1347 3808 ut
1362 3754 1460 3809 horum

336 3844 431 3911 lingua
448 3840 590 3896 vetustatis
608 3855 662 3893 non
679 3839 802 3893 tenacior
820 3843 891 3893 esset
909 3851 1107 3905 quameorum,
1126 3836 1173 3905 qui
1188 3836 1217 3889 in
1234 3842 1334 3890 terram
1352 3834 1460 3904 opposi-

336 3920 542 3990 tam·paulatim
559 3918 704 3974 transvecti
728 3920 756 3972 et
781 3919 885 3972 caelum
908 3921 1078 3971 mutaverant
1103 3916 1207 3970 1111111
1223 3915 1348 3983 gentibus
1365 3930 1395 3970 se
1411 3915 1460 3967 im·

336 4002 522 4057 miscuerant?
556 4005 585 4053 at
608 4000 654 4068 qui
677 3998 838 4053 sententiam
858 3998 891 4051 Ε.
916 3998 1001 4052 Curtii
1026 4001 1154 4051 accurate
1176 3995 1357 4063 perspexerit,
1379 3994 1460 4049 facile

340 4083 470 4138 concedet
490 4096 525 4134 ex
547 4095 580 4133 11
603 4079 636 4133 11
658 4078 853 4133 mutationibus
876 4078 984 4145 hugues
1001 4077 1077 4131 nulla
1093 4080 1251 4145 argumenta
1268 4073 1354 4142 repeti
1371 4088 1460 4142 posse.

338 4178 401 4217 nam
426 4176 587 4230 quamquam
611 4160 655 4214 ille
680 4174 712 4221 11.
730 4173 755 4226 g.
781 4158 821 4221 ,d
839 4158 929 4214 Ionier
952 4175 975 4211 v.
994 4157 1018 4212 1.
1036 4158 1091 4212 111.
1109 4155 1211 4210 wand.“
1235 4170 1262 4222 p.
1281 4159 1304 4207 5.
1337 4153 1460 4216 ,Griech

338 4244 444 4313 gesch.“
456 4241 497 4308 ·I⁴,
518 4258 546 4309 p.
568 4244 615 4295 116
630 4242 680 4308 sq.)
703 4239 782 4304 dicit,
807 4253 866 4292 cum
885 4237 1007 4292 coloniae
1024 4252 1058 4291 ex
1074 4236 1168 4290 Attica
1188 4236 1218 4289 iu
1234 4234 1328 4290 Asiam
1346 4232 1461 4288 deduce·

339 4326 443 4387 rentur,
462 4321 599 4384 „Graecos
610 4320 645 4375 11
656 4320 775 4375 Graecos
789 4318 920 4382 venisse“,
938 4322 1036 4383 111111,
1054 4332 1115 4371 cum
1128 4331 1234 4385 semper
1250 4319 1284 4381 (e.
1293 4330 1317 4383 g.
1334 4312 1459 4377 ,Griech
