3575 5334
417 706 481 769 432
518 751 520 755 ψ
934 708 1023 761 Cauer

418 879 593 961 niensium,
617 900 679 962 quo
702 880 787 945 haud
811 878 909 945 dubie
930 879 1071 961 volgaris
1092 877 1304 962 significetur,
1330 895 1370 943 eo
1392 884 1542 959 tempore,

418 1000 481 1061 quo
503 977 612 1044 studia
633 978 797 1043 literarum
819 975 907 1059 apud
937 995 992 1042 eos
1020 977 1081 1041 coli
1104 982 1219 1060 coepta
1244 976 1325 1057 sint,
1353 975 1542 1058 simpliciter

419 1076 562 1141 Ionicum
589 1074 697 1140 fuisse.
742 1094 873 1140 causam
900 1091 977 1138 vero
999 1073 1121 1139 nullam
1151 1092 1239 1155 esse,
1268 1071 1346 1155 quin
1373 1072 1457 1137 haec
1478 1091 1542 1137 sen·

420 1174 522 1240 tentia
543 1172 713 1239 Strabonis
734 1193 756 1237 a
776 1170 871 1236 nobis
893 1170 1055 1253 probetur.
1092 1170 1178 1252 quod
1199 1171 1366 1252 aliquanto
1388 1168 1542 1234 confiden-

418 1272 498 1350 tius,
532 1289 629 1353 quam
657 1288 717 1351 par
745 1274 829 1348 erat,
862 1266 982 1331 dictum
1015 1286 1088 1333 esse
1115 1267 1192 1332 mihi
1220 1265 1357 1333 videtur.
1402 1285 1478 1331 nam
1506 1265 1542 1330 dc

419 1367 556 1451 pristina
575 1373 691 1434 natura
711 1364 870 1445 Atthidis,
900 1364 1005 1446 qualis
1033 1372 1108 1429 ante
1136 1365 1328 1431 crebriorem
1356 1371 1452 1430 u'sum
1478 1363 1541 1427 lite

420 1485 526 1531 rarum
547 1463 676 1545 luisset,
699 1469 791 1528 vetus
813 1462 869 1527 ille
891 1462 1027 1545 scriptor
1047 1460 1104 1526 vix
1125 1463 1199 1546 plus
1221 1462 1302 1527 scire
1323 1460 1429 1545 potuit
1451 1478 1541 1542 qoam

419 1583 479 1628 uos
506 1581 627 1645 neque,
658 1561 686 1625 si
715 1558 854 1625 strictius
881 1558 1013 1642 aliquod
1043 1566 1076 1625 et
1103 1559 1219 1624 certius
1247 1558 1400 1624 iudicium
1424 1557 1467 1623 de
1488 1558 1541 1622 hac

419 1679 454 1726 re
475 1660 558 1725 ferre
579 1657 744 1740 potuisset,
766 1662 880 1721 notare
902 1656 1070 1737 omisisset,
1094 1655 1135 1722 de
1156 1676 1220 1738 qua
1241 1664 1333 1739 parte
1354 1655 1445 1721 ladis
1466 1655 1542 1738 cogi·

420 1761 512 1822 taret.
557 1754 618 1819 hoc
648 1760 757 1818 autem
778 1755 883 1842 ipsum
906 1772 1032 1836 quoque
1054 1754 1132 1819 satis
1154 1752 1351 1819 confidenter
1372 1753 1542 1835 Hemogius

421 1853 564 1934 addidit,
593 1870 664 1917 cum
686 1869 873 1932 persuasum
897 1851 1031 1916 haberet
1058 1850 1203 1932 linguam
1225 1851 1364 1915 Atticam
1387 1870 1542 1933 agenore

421 1949 549 2017 dicendi
564 1948 747 2014 Herodoteo
769 1948 902 2031 propius
923 1948 1043 2014 afuisse
1065 1968 1161 2029 quam
1183 1948 1225 2012 ab
1239 1946 1421 2014 Homerico.
1452 1968 1542 2032 quarn

420 2047 587 2114 scientiam
609 2045 697 2111 unde
718 2045 905 2127 sumpserit,
935 2065 1065 2128 prorsus
1087 2046 1206 2110 nescio.
1249 2064 1325 2109 uam
1349 2045 1411 2110 etsi
1433 2045 1498 2125 eis,
1518 2044 1541 2108 si

420 2146 473 2228 qui
503 2149 592 2226 sunt,
620 2141 754 2207 minime
781 2142 955 2223 assentior,
985 2143 1037 2224 qui
1068 2142 1259 2226 Bentleynm
1287 2148 1419 2207 strenue
1447 2141 1542 2207 secuti

419 2239 584 2307 Atthidem
607 2259 648 2305 ex
670 2258 818 2306 sermone
839 2239 930 2321 epioe
946 2244 1047 2304 ortam
1069 2259 1142 2305 esse
1162 2245 1285 2329 putent,
1307 2244 1417 2304 tamen
1440 2246 1542 2322 spreto

419 2338 559 2403 Homero
581 2336 624 2402 ad
646 2335 844 2401 Herodotum
867 2336 1040 2419 confugere
1061 2356 1263 2420 nequaquam
1285 2354 1398 2419 cogor,
1428 2336 1542 2419 qnippe

420 2436 473 2518 qui
500 2435 572 2518 ipse
598 2434 668 2498 loco
696 2433 860 2498 tutissimo
890 2434 934 2512 (l,
962 2438 1034 2508 142)
1063 2443 1172 2500 narret
1199 2434 1233 2497 in
1254 2434 1332 2498 Asia
1358 2453 1419 2498 sua
1440 2440 1542 2499 aetate

420 2539 556 2614 quatuor
582 2549 703 2612 genera
724 2529 834 2595 Ionice
861 2530 1015 2612 loquendi
1043 2532 1151 2598 fuisse.
1195 2552 1259 2613 qua
1279 2551 1315 2597 re
1336 2531 1430 2595 nulla
1451 2550 1542 2596 causa

420 2636 484 2709 est,
517 2646 572 2693 cur
599 2625 765 2692 Atthidem
798 2627 999 2709 potissimum
1032 2649 1053 2693 a
1081 2629 1220 2695 dialecto
1248 2627 1434 2694 Herodotea
1468 2628 1541 2695 deri·

419 2744 547 2807 vemus,
578 2723 767 2808 praesertim
789 2743 860 2788 cum
881 2725 915 2788 in
937 2727 1046 2791 multis
1074 2726 1169 2793 rebus
1195 2727 1305 2809 eisquc
1326 2746 1392 2791 non
1420 2726 1541 2791 levibus

419 2823 462 2887 ab
484 2841 525 2887 ea
545 2819 681 2885 differat.
712 2840 787 2885 nam
809 2839 881 2885 earn
903 2822 1070 2905 rationem,
1093 2844 1157 2906 qua
1178 2822 1353 2906 Heruogius
1375 2822 1437 2888 has
1460 2823 1541 2888 dide

420 2919 541 2985 rentias
568 2917 732 3001 explicare
754 2917 889 3000 studuit,
919 2919 973 2983 vix
995 2921 1163 3003 quisquam
1187 2921 1347 3004 probabit.
1392 2921 1542 2986 acerrime

421 3017 506 3083 enim
536 3014 682 3081 distinxit
708 3034 801 3080 usum
829 3016 1019 3100 scriptorum
1041 3025 1073 3083 et
1098 3037 1276 3084 sermonem
1299 3018 1485 3101 uolgarem,
1513 3020 1542 3083 in

421 3135 482 3198 quo
506 3113 544 3179 G.
567 3110 875 3196 Bernhardyum
898 3121 1025 3181 secutus
1047 3133 1120 3182 esse
1146 3115 1290 3197 videtur,
1321 3114 1375 3197 qui
1399 3115 1542 3192 „Grund-

419 3211 481 3277 riss
503 3208 561 3276 der
582 3207 700 3293 griech.
723 3208 938 3293 Literatur“²,
960 3212 993 3293 I,
1023 3231 1054 3294 p.
1078 3215 1119 3276 26
1140 3232 1243 3295 genus
1264 3210 1394 3277 dicendi
1416 3214 1543 3296 scripto·

365 3313 366 3316 ’
419 3329 489 3373 rum
504 3297 680 3372 Atticorum
703 3312 866 3388 tamquam
881 3307 1068 3392 decerptum
1092 3316 1124 3375 et
1145 3310 1313 3375 collectum
1335 3328 1377 3375 ex
1399 3311 1543 3374 omnihus

420 3404 533 3469 ceteris
563 3402 709 3468 dialectis
732 3403 865 3469 Graecis
894 3404 1054 3470 describit.
1098 3406 1157 3472 sed
1186 3426 1281 3489 quam
1305 3407 1542 3491 Bernhardyus,

420 3500 447 3565 si
469 3493 572 3566 verba
599 3499 669 3566 eius
690 3507 777 3566 recte
804 3500 977 3585 intellego,
1007 3504 1110 3596 magis
1138 3510 1174 3568 ut
1201 3502 1376 3568 ineundam
1399 3504 1488 3570 viam
1509 3523 1543 3569 ac

419 3597 576 3663 rationem
598 3596 790 3678 cognitionis
811 3599 1019 3681 praescripsit
1041 3619 1136 3682 quam
1158 3607 1194 3665 ut
1213 3606 1333 3666 ceram
1355 3608 1390 3666 et
1410 3620 1542 3685 perpen-

419 3715 489 3760 sam
512 3694 761 3778 explicationem
784 3698 959 3779 proposuit,
983 3716 1054 3762 eam
1071 3697 1164 3763 iustis
1179 3698 1376 3780 argumentis
1392 3699 1543 3782 expedire

420 3800 452 3855 et
480 3791 638 3857 exornare
657 3793 834 3874 Herzogius
861 3800 994 3859 conatus
1016 3800 1075 3860 est.
1118 3814 1193 3859 nam
1221 3814 1293 3859 cum
1315 3795 1543 3879 Bernhardyus

419 3886 500 3951 nihil
534 3886 624 3951 aliud
653 3888 739 3954 dicat
766 3889 828 3955 nisi
853 3889 1019 3957 Atthidem
1048 3892 1211 3957 literarum
1240 3890 1355 3957 studiis
1384 3895 1541 3959 excultam

420 4002 461 4048 ex
482 3985 643 4048 communi
664 3985 804 4066 quadam
828 3987 966 4053 dialecto
987 3988 1100 4054 Ionica
1127 3994 1229 4054 ortam
1255 4007 1341 4069 csse,
1369 3988 1543 4072 Herzogius

420 4080 592 4146 dialectum
625 4081 842 4148 Herodoteam
875 4090 932 4150 aut
963 4083 1105 4166 aliquam
1138 4084 1207 4151 eius
1238 4085 1376 4152 similem
1410 4094 1541 4153 matrem

420 4175 546 4242 Atticae
573 4177 673 4243 luisse
701 4178 837 4245 affirmat
865 4186 898 4245 et
920 4200 992 4245 eam
1013 4201 1078 4246 non
1100 4182 1203 4246 solum
1225 4184 1382 4248 sermonis
1403 4185 1542 4266 volgaris

421 4271 478 4336 sed
501 4273 597 4339 stiam
620 4275 698 4357 eius,
722 4294 815 4357 quem
831 4296 850 4342 e
864 4278 955 4343 libris
970 4285 1142 4360 poetarum
1165 4288 1198 4345 et
1218 4279 1409 4363 scriptorum
1430 4298 1541 4365 prosae
