3575 5334
757 1519 1021 1588 PROOEMIUM.

412 1725 473 1803 Qui
495 1724 593 1790 hodic
613 1724 646 1788 in
669 1723 843 1789 dialectum
865 1724 1073 1790 herodoteam
1095 1726 1226 1808 inquirit
1246 1745 1286 1791 eo
1307 1727 1452 1808 oonsilio,

332 1828 363 1887 ut
383 1824 409 1887 si
432 1820 500 1887 fieri
522 1822 638 1905 possit,
668 1829 855 1903 cognoscat,
885 1823 991 1904 qualis
1018 1824 1118 1906 ipsius
1141 1824 1304 1906 scriptoris
1332 1824 1452 1906 lingua,

331 1919 577 1985 alibran‘orum
607 1919 765 1984 erroribus
797 1919 950 1999 liberata,
984 1920 1093 2001 inerit,
1127 1921 1157 1986 ei
1185 1941 1280 2003 quam
1313 1922 1454 1986 maxime

331 2016 503 2082 verendum
527 2022 590 2098 est,
614 2036 655 2082 ne
676 2017 782 2081 oleum
805 2022 836 2081 et
858 2035 989 2098 operam
1011 2038 1139 2099 prorsus
1162 2018 1298 2100 perdere
1320 2017 1453 2083 dicatur.

330 2116 435 2179 'lanta
463 2114 549 2179 enim
577 2114 638 2178 hac
665 2114 699 2177 in
725 2133 759 2179 re
780 2112 944 2177 fluctuatio
972 2121 1102 2196 regnat,
1131 2120 1223 2179 tanta
1244 2121 1293 2179 est
1313 2114 1453 2180 virorum

330 2211 493 2276 doctorum
519 2210 691 2291 dissensio,
722 2217 841 2275 utnon
865 2230 906 2275 ex
927 2211 1023 2276 certis
1045 2211 1236 2293 quibusdam
1258 2213 1455 2294 argumentis

330 2310 385 2375 sed
415 2328 520 2392 paene
548 2328 589 2373 ex
615 2328 674 2373 sua
703 2328 861 2390 quemque
893 2307 1029 2373 libidine
1057 2328 1124 2373 rem
1154 2309 1332 2392 dijudicare
1359 2309 1455 2373 facile

330 2408 401 2489 quis
424 2406 608 2471 existimare
628 2406 739 2489 possit.
769 2408 903 2486 Tamen,
926 2413 962 2469 ut
983 2425 1077 2470 nemo
1100 2406 1211 2471 harum
1234 2406 1454 2489 quaestionum

332 2505 439 2587 paullo
469 2504 600 2589 peritior
627 2524 691 2567 non
719 2503 901 2585 intelleget,
931 2501 1104 2568 dialectum
1133 2503 1341 2569 herodotcam
1370 2523 1456 2569 nunc

331 2602 430 2665 multo
453 2601 568 2665 melius
590 2600 751 2682 cognitam
773 2600 938 2680 habemus,
962 2619 1056 2681 quam
1075 2601 1127 2683 qui
1150 2602 1226 2666 clim
1249 2621 1320 2667 eam
1342 2607 1456 2667 tracta·

331 2705 411 2763 runt.
457 2697 585 2779 Inspice
607 2696 770 2761 Maittairii
792 2698 908 2761 librum
932 2696 972 2762 de
995 2698 1132 2764 dialecto
1154 2698 1276 2781 ionica,
1306 2720 1456 2783 compara

331 2795 451 2879 priores
481 2795 637 2860 editiones
659 2796 747 2860 velut
769 2793 1163 2875 Schweighaeuserianam
1185 2816 1256 2861 cum
1285 2796 1346 2877 eis,
1378 2816 1456 2878 quas

332 2912 415 2956 nunc
437 2892 609 2974 habemus,
635 2893 703 2974 jam
727 2911 849 2956 mecum
873 2892 1055 2957 consenties
1078 2892 1119 2958 de
1140 2894 1294 2959 Herodoti
1318 2894 1456 2960 dialecto

331 2989 474 3053 nondum
504 3008 575 3054 esse
604 2987 849 3071 desperandum.
895 2988 980 3055 Olim
1003 2990 1111 3054 omnia
1140 3010 1306 3073 perversa,
1337 2997 1458 3073 pertur-

331 3086 408 3151 bata
431 3092 532 3165 erant,
557 3085 664 3150 omnia
685 3085 898 3168 fluctuabant,
920 3106 1006 3151 nuno
1027 3107 1092 3151 non
1114 3086 1160 3150 ita
1181 3106 1304 3169 paucae
1325 3088 1458 3168 regulae

330 3184 372 3247 ab
395 3183 543 3248 omnibus
565 3189 790 3264 agnoscuntur,
821 3190 855 3247 ut
883 3183 924 3247 de
952 3182 1059 3246 multis
1087 3182 1182 3246 rebus
1206 3182 1344 3247 dubitari
1373 3187 1458 3246 nunc

333 3282 386 3344 vix
409 3280 520 3362 possit.
565 3280 770 3346 deauratione
793 3282 877 3345 enim
901 3280 1053 3343 librorum
1075 3299 1173 3343 manu
1196 3278 1384 3361 scriptorum
1408 3298 1458 3344 co·

332 3397 465 3459 rumque
497 3377 581 3441 inter
614 3396 649 3443 se
681 3397 822 3442 conexus
855 3376 1142 3459 pervestigatione,
1179 3376 1318 3443 maxime
1351 3383 1458 3442 autem

333 3476 465 3540 meliore
487 3474 617 3555 linguae
638 3494 774 3556 graecae
790 3474 923 3555 ejusque
940 3472 1148 3537 dialectorum
1164 3474 1346 3555 cognitione
1362 3474 1458 3540 etiam

334 3572 496 3637 Herodoto
518 3572 575 3635 lux
597 3572 698 3635 allata
720 3580 777 3636 est.

418 3668 509 3746 Quae
531 3687 602 3731 cum
625 3668 670 3732 ita
692 3669 756 3732 sint
764 3715 771 3748 ,
801 3675 909 3732 tamen
938 3668 1076 3750 plurima
1097 3675 1129 3732 et
1156 3669 1347 3750 gravissima
1376 3675 1461 3750 sunt,

335 3765 374 3831 de
396 3766 513 3848 quibus
535 3765 591 3829 alii
612 3766 706 3830 aliter
723 3764 886 3847 judicant,
918 3771 949 3829 et
976 3786 1015 3829 ea
1037 3765 1182 3847 quidem,
1211 3786 1229 3831 e
1251 3766 1366 3848 quibus
1394 3766 1463 3831 dia-

334 3863 406 3927 lecti
441 3861 640 3928 herodoteae
673 3863 806 3928 scientia
841 3882 936 3944 quam
969 3864 1108 3927 maxime
1138 3863 1290 3945 pendeat.
1345 3864 1463 3929 Tribus

334 3966 457 4041 autern,
487 3960 523 4023 ni
544 3958 653 4039 fallor,
676 3960 853 4023 rationibus
876 3960 909 4022 in
932 3959 1153 4025 constituendo
1176 3966 1265 4025 textu
1288 3960 1462 4025 herodotec

336 4056 393 4121 viri
416 4056 504 4122 docti
527 4061 666 4120 utuntur.

418 4154 486 4220 Alii
510 4153 598 4217 velut
619 4152 805 4233 B‘ahrius,
830 4153 988 4235 Krttger
1016 4153 1143 4236 penitus
1165 4152 1308 4217 codicum
1329 4150 1404 4215 fidei
1427 4170 1463 4217 se

337 4251 482 4334 tradunt,
508 4250 703 4314 Herodotum
725 4250 856 4315 minime
878 4251 938 4315 sibi
962 4250 1150 4330 constitisse,
1174 4266 1375 4329 nequaquam
1397 4268 1464 4314 una
