3575 5334
412 664 474 726 280
931 667 1019 722 Cauer

496 847 663 924 praeterea
685 846 814 904 exstant
835 839 949 903 literae
971 861 1085 904 -eooo-
1111 845 1159 922 17,
1178 852 1194 902 6
1215 842 1249 905 in
1271 841 1452 925 fragmento
1474 850 1534 908 tam

412 940 544 1021 exiguo,
574 944 608 1002 ut
631 936 672 1003 de
694 957 732 1003 eo
755 935 836 1001 nihil
859 935 994 1001 iudicari
1016 938 1134 1021 possit,
1158 945 1190 1004 et
1211 960 1330 1021 ·οαορ-
1353 943 1426 1017 229,
1450 944 1500 1022 20,
1522 954 1536 1003 ι

411 1040 445 1102 in
478 1035 633 1118 catalogis
666 1033 870 1115 tributorum,
905 1054 968 1115 qua
1000 1054 1036 1101 re
1064 1035 1203 1102 nominis
1231 1035 1367 1104 alicuius
1399 1038 1536 1104 civitatis

297 1132 303 1147 '
412 1134 569 1217 particula
592 1151 665 1199 esse
687 1132 832 1215 putanda
854 1137 913 1197 est.

497 1258 525 1321 2.
572 1254 767 1335 Alioquin
797 1273 955 1336 semper
984 1278 1029 1317 ττ
1057 1256 1241 1339 scriptae
1268 1266 1375 1340 sunt,
1406 1277 1535 1339 quarum

410 1352 490 1418 haec
511 1352 613 1418 habes
636 1351 800 1433 exempla:
1090 1361 1095 1370 '

496 1452 671 1512 Βοττιαῖοι
695 1452 771 1529 526,
794 1460 818 1511 4.
843 1450 914 1529 234,
942 1460 977 1512 19.
1017 1446 1218 1531 Γαργήττιος
1241 1452 1312 1530 294,
1335 1461 1360 1515 2.
1404 1452 1552 1537 Θρᾷττα

410 1549 482 1627 277,
509 1559 544 1610 15.
576 1557 614 1611 16.
643 1556 683 1609 21.
728 1542 870 1625 Κήττιος
899 1547 971 1626 293,
994 1557 1018 1609 4.
1056 1549 1133 1624 294,
1157 1557 1182 1609 6.
1232 1544 1378 1611 Μελιττ·
1402 1551 1475 1629 277,
1497 1560 1533 1612 29.

409 1641 577 1727 Σφήττιος
602 1646 671 1724 188,
695 1654 734 1706 20.
765 1644 836 1722 257,
859 1653 883 1706 3.
928 1648 1098 1725 praeterea
1121 1664 1228 1719 ·ττιος
1251 1647 1329 1726 390,
1353 1658 1378 1710 2.
1419 1638 1534 1710 ’Λιτα-

410 1744 482 1822 446,
508 1753 544 1804 ιι.

496 1832 578 1901 ἅττα
602 1840 641 1903 32
653 1837 686 1918 B,
713 1849 749 1901 12.
787 1834 901 1900 ἕλαττ-
925 1839 1002 1916 256,
1025 1850 1048 1902 1.
1087 1835 1239 1902 θάλαττα
1263 1842 1343 1923 371),
1366 1851 1405 1904 36.
1430 1846 1533 1921 40,19.

410 1937 487 2015 283,
517 1947 557 2000 24.
596 1939 673 2016 540,
708 1947 743 1999 16.
787 1938 976 2014 καττίτερος
1005 1938 1077 2017 319,
1100 1948 1124 2002 6.
1168 1941 1388 2016 κοιταρίττιοα
1417 1942 1489 2021 280,
1511 1950 1532 2001 6.

326 2085 347 2112 4
409 2030 669 2113 πλάττω324ο,
695 2045 716 2096 1.
754 2027 891 2112 πράττω
915 2035 945 2113 7,
971 2044 1007 2097 ll.
1042 2036 1093 2115 79,
1116 2045 1140 2099 4.
1170 2048 1194 2099 1.
1236 2032 1345 2099 τάττω
1368 2040 1421 2117 40,
1444 2046 1468 2100 6.
1496 2048 1531 2097 43.

408 2134 559 2212 τέτταρες
576 2133 605 2213 9,
632 2143 667 2194 11.
691 2132 741 2209 28,
765 2141 804 2193 23.
829 2132 879 2210 54,
905 2139 941 2191 16.
967 2134 1043 2213 556,
1062 2142 1086 2194 4.
1109 2143 1133 2196 8.
1157 2135 1206 2211 77,
1231 2144 1253 2195 l.
1281 2136 1350 2213 114,
1373 2144 1398 2195 4.
1426 2136 1530 2213 133,1.

411 2229 509 2308 1671),
536 2240 556 2293 ι.
594 2231 663 2310 146,
686 2241 710 2291 ι.
747 2231 816 2308 161,
841 2240 863 2288 ι.
897 2229 1012 2308 11111.
1042 2228 1142 2310 2731),
1169 2241 1189 2291 ι.
1212 2242 1236 2293 ι.
1259 2242 1297 2291 so.
1327 2230 1349 2309 f,
1372 2241 1412 2295 aa.
1443 2251 1474 2313 g,
1499 2243 1530 2291 ιο.

409 2329 481 2407 321,
504 2338 527 2388 ο.
558 2329 658 2408 etta,
681 2338 719 2390 31.
742 2336 781 2389 64.
804 2336 844 2389 aa.
868 2334 909 2389 οι.
943 2324 974 2407 b,
1000 2337 1037 2389 ιο.
1071 2328 1169 2407 3246,
1194 2338 1231 2390 ιο.
1266 2346 1293 2408 c,
1316 2322 1356 2391 aa.
1400 2325 1531 2408 ιριιιόα

383 2417 459 2488 'vel
483 2428 631 2505 τρίττοια
655 2428 683 2503 5,
707 2436 731 2487 5.
762 2426 833 2504 534,
856 2434 880 2485 5.
919 2419 1049 2503 τριττάς
1072 2427 1144 2504 500,
1166 2435 1190 2489 2.
1221 2427 1293 2507 502,
1316 2435 1340 2488 2.
1368 2428 1442 2506 517,
1465 2437 1488 2488 3.
1509 2439 1531 2488 6.

409 2523 485 2601 518,
509 2533 532 2585 3.
578 2518 733 2604 φυλάττω
756 2526 813 2601 40,
840 2529 879 2584 46.
917 2554 959 2567 —-
995 2526 1163 2603 praeterea
1192 2525 1373 2585 -οττεοθαι
1401 2523 1530 2605 2Α,16.

408 2639 530 2681 ·ιοττε-
556 2621 583 2699 7,
608 2631 631 2681 5.

494 2711 681 2791 ἑκαττόι,
706 2714 791 2796 quod
807 2718 858 2796 77,
873 2726 888 2778 6
903 2721 1018 2798 exstat,
1041 2715 1101 2780 soli
1116 2715 1194 2780 vitio
1210 2715 1371 2799 lapicidae
1394 2716 1530 2782 tribuen-

410 2810 484 2875 dum
508 2818 565 2877 est.
617 2816 650 2877 et
678 2812 818 2893 sequitur
840 2816 873 2878 in
903 2813 1017 2879 eodem
1046 2812 1157 2897 lapide
1187 2818 1238 2891 (ιι)
1266 2814 1352 2879 iusta
1377 2814 1531 2898 scriptura

408 2906 532 2973 ἑκατόν.

590 3130 627 3196 V.
671 3130 728 3196 De
750 3124 819 3205 ξύν
841 3134 910 3193 aut
933 3123 1005 3193 ουί
1028 3129 1348 3213 praepositione.

490 3266 639 3331 Formam
662 3263 874 3346 antiquiorem
898 3261 953 3341 ξύν
981 3264 1035 3339 (de
1056 3264 1144 3331 cuius
1167 3264 1343 3347 veriloquio
1366 3286 1397 3330 v.
1421 3266 1529 3333 (lurda.3

406 3366 468 3428 345
483 3368 544 3445 sq.)
573 3370 649 3428 aute
670 3361 838 3427 Euclidem
867 3361 1088 3444 pervolgatum
1111 3362 1209 3429 fuisse
1231 3369 1263 3428 et
1284 3369 1432 3446 tempore
1454 3365 1527 3431 belli

405 3460 671 3542 Peloponnesiaci
702 3460 736 3524 in
766 3456 825 3522 σύν
854 3466 1010 3524 mutatam
1038 3477 1109 3525 esse
1137 3458 1337 3526 notissimum
1366 3467 1426 3527 est.
1471 3480 1529 3545 qua

405 3575 440 3622 re
462 3556 669 3640 Thucydides
692 3564 724 3623 et
745 3556 979 3640 Aristophanes
1001 3576 1128 3640 semper
1149 3563 1206 3623 aut
1226 3565 1313 3623 certe
1342 3558 1528 3642 plerumque

405 3653 603 3734 §scribunt
634 3654 722 3720 cuius
751 3654 797 3720 rei
826 3660 955 3736 praeter
983 3652 1125 3718 codicum
1151 3653 1417 3720 consuetudinem
1446 3655 1529 3721 testi·

404 3751 512 3816 monia
544 3757 688 3815 veterum
720 3751 999 3833 g'rammaticorum
1032 3750 1187 3817 habemus
1219 3757 1261 3829 (v.
1292 3752 1528 3819 Weckleinium

404 3868 436 3931 p.
461 3851 522 3930 58),
546 3847 738 3931 posteriores
760 3840 931 3932 scriptores
953 3847 1023 3913 ούι.
1067 3867 1171 3930 neque
1193 3850 1259 3915 alia
1281 3858 1331 3915 est
1351 3849 1528 3935 inscriptio·

404 3965 479 4009 num
503 3945 710 4010 vetustiorum
735 3952 766 4010 et
787 3947 996 4011 recentiorum
1020 3945 1252 4029 discrepantia,
1282 3965 1476 4031 quamquam
1497 3949 1527 4011 in

404 4042 454 4107 his
483 4042 561 4107 satis
590 4062 707 4124 magno
737 4043 888 4127 temporis
919 4044 1022 4127 spatio
1045 4042 1205 4108 scribendi
1228 4045 1426 4111 consuetudo
1456 4065 1527 4129 pau·

404 4140 493 4204 latim
516 4145 639 4205 mutata
661 4148 719 4206 est.
763 4141 848 4222 quod
871 4142 1021 4223 quoniam
1048 4141 1169 4223 primus
1191 4140 1427 4208 Boeckhius
1456 4142 1528 4220 (Ab-

404 4236 611 4322 hundlungen
635 4237 692 4303 der
715 4238 860 4303 Berliner
881 4238 981 4303 Aoad.
1008 4242 1089 4304 1834
1112 4258 1142 4322 p.
1165 4240 1206 4302 26
1222 4243 1291 4320 sq.),
1315 4237 1437 4306 deinde
1459 4259 1526 4306 eum
