3575 5334
764 419 797 474 de
814 420 898 489 alpha
913 420 1054 475 intensivo.
1421 418 1460 479 25

336 592 390 658 vel
408 592 659 676 participiorum,
682 611 725 655 an
747 592 831 674 taatp
849 589 971 673 peliebt,
994 589 1146 653 auertat
1160 589 1308 655 erbittert
1327 593 1462 657 multum

337 689 460 756 distant
487 710 509 755 a
536 688 611 752 rear
629 687 759 771 peliebt,
787 688 861 750 sehr
889 688 1056 753 erbittert'?
1100 688 1220 755 Nonne
1239 690 1337 756 ctiam
1365 688 1463 753 tass-

335 785 460 870 9elr'ett,
482 785 690 849 leirserselat
713 784 870 851 dicimus?
906 793 939 850 et
960 785 1005 851 sic
1027 805 1120 868 porro
1142 786 1223 869 alia,
1250 806 1334 869 quae
1356 786 1462 853 omisit

337 888 490 969 Donyus,
521 883 562 949 de
584 884 770 967 adjectivor.
793 882 991 965 quorundam
1015 882 1165 948 German.
1188 891 1220 949 et
1241 885 1337 966 Angl.
1358 884 1462 949 notio·

337 982 433 1047 nibus
455 982 628 1063 vulgariter
656 981 772 1060 auctis,
804 979 1039 1063 Sprembergae
1064 983 1155 1045 1865.
1199 980 1268 1059 Quo
1291 981 1343 1047 vel
1365 981 1463 1046 lenis·

336 1079 418 1145 simo
443 1078 626 1144 discrimine
653 1079 733 1143 haee
758 1076 920 1160 adjectiva
950 1078 1033 1142 inter
1055 1096 1091 1143 se
1113 1078 1357 1160 distinguantur,
1386 1078 1461 1142 taci-

336 1177 398 1242 lius
430 1176 602 1257 sentimus,
633 1176 777 1258 quamsi
801 1181 909 1241 essent
931 1176 1108 1258 composita
1130 1195 1200 1240 cnm
1224 1176 1289 1240 ullo
1318 1174 1461 1259 praefixo

335 1274 508 1339 intensivo.
553 1274 730 1339 Germanos
763 1293 838 1338 vero
871 1273 913 1337 ab
947 1272 1018 1355 ipsa
1050 1271 1194 1338 intestini
1225 1274 1356 1338 notione
1390 1292 1461 1356 pro-

334 1370 438 1437 tectos
461 1390 549 1449 esse,
574 1370 601 1437 si
629 1369 859 1454 adjectivorum
885 1370 1013 1435 illorum
1040 1389 1122 1451 quae
1144 1371 1462 1437 commemoravimus

333 1468 400 1532 vim
424 1487 542 1550 augere
563 1469 699 1548 vellent,
722 1487 817 1533 nemo
839 1467 1014 1548 mirabitur,
1037 1468 1099 1549 qui,
1130 1488 1224 1550 quam
1247 1470 1322 1535 altis
1343 1468 1462 1533 fuerint

334 1565 454 1631 animis
483 1563 620 1647 praediti
649 1566 749 1630 nostri
777 1564 933 1647 majores,
966 1560 1122 1647 reputarit
1153 1566 1396 1648 memineritque
1428 1567 1459 1629 in

334 1662 448 1744 lingua
473 1663 663 1744 populorum
686 1661 828 1727 indolem
851 1668 948 1744 atque
973 1663 1136 1744 ingenium
1159 1670 1311 1746 tanquam
1334 1662 1368 1727 in
1391 1682 1462 1746 spe-

332 1760 408 1824 culo
432 1760 529 1825 cerni.
570 1761 686 1824 Verum
710 1779 749 1824 ea
770 1758 909 1841 augendi
932 1760 1012 1824 ratio
1036 1760 1154 1823 nonin
1177 1760 1217 1825 iis
1242 1761 1344 1825 solum
1368 1780 1461 1825 voca·

332 1856 422 1922 bulis
445 1856 606 1922 invenitur
628 1876 710 1939 quae
732 1856 774 1921 ad
802 1858 943 1921 animum
973 1863 1129 1939 spectant,
1158 1857 1215 1921 sed
1245 1857 1341 1923 etiam
1363 1857 1397 1921 in
1420 1858 1460 1923 iis

330 1974 469 2037 quorum
506 1953 771 2036 significationem
804 1953 952 2019 sensibus
980 1953 1083 2035 magis
1118 1953 1319 2037 percipimus,
1356 1960 1391 2017 ut
1425 1953 1460 2018 in

329 2051 453 2118 coloris
482 2050 668 2134 adjectivis,
702 2050 757 2115 ubi
791 2052 878 2117 notio
909 2052 968 2119 illa
994 2050 1138 2115 intestini
1160 2050 1311 2133 exprimit
1337 2049 1459 2132 aliquid

330 2168 407 2215 esse
431 2168 472 2213 ex
494 2148 614 2213 intimis
636 2148 727 2230 quasi
757 2147 924 2227 medullis,
954 2149 1097 2232 penitus,
1131 2168 1260 2231 prorsus
1288 2147 1397 2228 aliqua
1424 2167 1460 2213 re

328 2245 362 2310 h.
388 2265 416 2311 e.
448 2246 554 2311 colore
578 2246 743 2310 imbutum.
788 2246 861 2311 Non
883 2246 978 2310 aliter
998 2266 1058 2311 nos
1080 2264 1206 2327 quoque
1228 2245 1362 2318 dicimus
1385 2243 1460 2327 ties·

330 2343 494 2420 schwarz,
528 2342 658 2425 cipitur
691 2342 811 2407 similia
843 2362 903 2408 nec
935 2344 1068 2407 multum
1100 2343 1193 2408 abest
1219 2342 1369 2407 Latinum
1400 2363 1460 2425 per

330 2440 366 2505 in
393 2440 576 2524 perciades.
628 2440 680 2506 Sic
708 2440 833 2506 facilius
864 2459 947 2522 quae
978 2446 1153 2521 sequuntur
1184 2441 1335 2521 exempla
1367 2439 1459 2505 intel·

333 2538 489 2620 legemus.

420 2635 527 2717 Atque
545 2654 585 2701 ex
607 2635 748 2716 lingua
763 2634 891 2716 quidem
908 2641 1047 2699 vetere
1066 2629 1389 2716 septentrionali
1405 2634 1458 2698 ubi

337 2736 346 2793 t
360 2739 408 2799 est
423 2732 527 2797 forma
541 2731 672 2815 praefixi
696 2733 759 2796 huc
779 2731 981 2797 referendum
997 2731 1057 2796 erit
1076 2729 1188 2793 irbrott
1201 2729 1384 2811 dexteritas,
1406 2751 1459 2796 ars

339 2830 386 2905 (cf.
400 2829 521 2891 ttrittr
536 2829 594 2909 vie,
614 2829 731 2910 robur),
748 2828 834 2911 quod
847 2828 1003 2893 Hoete'rus
1014 2827 1130 2892 omisit.
1155 2827 1229 2893 Alia
1241 2828 1391 2911 exempla
1402 2829 1457 2892 alii

338 2926 537 3009 conquirant,
564 2926 716 2992 hocloco
739 2926 835 2990 liceat
857 2926 1034 3007 anticipare
1057 2925 1239 3007 exemplum
1262 2923 1457 2989 Saxonicum

338 3025 365 3085 ia
387 3023 541 3089 intensivi
565 3023 666 3086 iasutlr
689 3023 709 3087 i.
732 3042 759 3088 e.
783 3029 939 3105 pensatur,
962 3020 1048 3102 quod
1070 3019 1186 3102 legitur
1207 3022 1241 3084 in
1263 3021 1355 3086 titulo
1378 3021 1460 3086 anti·

338 3120 488 3202 quissimo
510 3120 598 3185 runis
621 3140 702 3202 quae
725 3119 873 3184 dicuntur
896 3117 1095 3183 Germanicis
1116 3116 1243 3199 scripto.
1274 3117 1321 3183 Gt.
1345 3118 1458 3185 Franc.

338 3218 547 3300 Dietrichius,
577 3220 683 3285 Germ.
706 3218 738 3281 X
762 3221 823 3282 264
854 3223 886 3281 et
908 3214 1039 3297 Hauptii
1069 3214 1148 3279 diar.
1172 3216 1278 3280 Germ.
1300 3216 1384 3281 XIII
1407 3220 1457 3283 33.

338 3314 521 3380 Notandum
544 3321 649 3380 autem
674 3313 776 3379 estin
799 3314 910 3395 lingua
931 3318 995 3377 vet.
1018 3312 1260 3395 septentrionali
1283 3316 1295 3374 i
1315 3312 1458 3403 praefixo

337 3432 397 3477 non
420 3432 494 3476 raro
517 3412 709 3477 contrarium
733 3429 858 3491 quoque
880 3429 1008 3476 sensum
1033 3409 1263 3475 deminutivum
1285 3410 1401 3490 inesse,
1425 3418 1460 3476 ut

338 3508 508 3573 Grimmius
544 3529 627 3590 quae
661 3514 826 3573 enumerat
854 3508 1004 3589 exempla
1037 3507 1161 3571 Latinis
1193 3505 1361 3589 adjectivis
1387 3527 1458 3572 cum

338 3605 390 3668 sab
422 3625 534 3690 praep.
567 3605 751 3688 compositis
784 3603 961 3670 reddiderit
993 3604 1081 3668 velut
1111 3601 1227 3666 ideislrr
1259 3604 1458 3686 subamarus,

338 3702 437 3787 ilistpr
470 3703 661 3784 subcurvus,
695 3701 785 3784 ffeitr
813 3700 1018 3785 subpinguis,
1052 3704 1182 3782 iproena
1214 3701 1385 3766 subviridis
1414 3701 1457 3764 al.

338 3798 424 3877 Quae
452 3800 480 3865 si
509 3798 636 3881 quaeris
670 3818 733 3880 qua
764 3798 819 3863 via
850 3798 893 3862 ad
927 3798 1011 3863 hanc
1043 3796 1273 3862 deminutivam
1302 3794 1458 3877 signitica-

339 3897 452 3964 tionem
476 3897 699 3980 pervenerint,
724 3896 821 3961 simili
843 3895 876 3959 id
899 3894 1025 3959 ratione
1045 3894 1162 3960 tactum
1186 3913 1256 3960 esse
1278 3891 1457 3975 respondeo

340 4012 372 4059 ac
393 4014 493 4079 supra
515 3992 733 4076 inadjeaivo
757 3994 884 4055 incurras
906 3991 973 4057 fieri
999 3991 1140 4073 potuisse
1163 3990 1378 4072 cognovimus.
