3575 5334
642 723 675 778 de
693 723 807 779 dialecto
825 724 919 779 Attica
934 725 1088 781 vetustiore
1122 726 1157 778 II.
1396 725 1457 785 441

332 894 478 977 plurimis
500 894 646 960 dialectis
661 883 793 961 Graecis
814 916 873 979 per
893 896 1119 977 labialismum,
1142 915 1235 977 quem
1258 897 1403 978 dicimus,
1424 898 1459 963 in

332 1016 360 1055 π
382 998 507 1057 mutata
536 998 599 1073 est,
628 991 716 1076 apud
737 992 823 1057 solos
844 993 939 1059 Iones
964 998 1126 1059 servatam
1149 1012 1220 1059 esse
1245 994 1296 1069 (ci.
1319 995 1358 1060 G.
1383 994 1460 1059 Our-

332 1089 428 1169 tium,
462 1087 574 1154 Grdz.³
602 1094 664 1154 415
685 1108 753 1171 sqq.
786 1092 848 1154 425
870 1098 941 1172 sq).
987 1090 1072 1172 quod
1104 1110 1295 1172 quamquam
1328 1093 1362 1157 in
1395 1112 1460 1157 una

332 1192 458 1251 tantum
479 1186 579 1269 stirpe
600 1186 731 1269 accidit,
761 1193 886 1266 tamen,
915 1206 986 1251 cum
1008 1188 1166 1253 vocabula
1186 1189 1229 1253 ab
1251 1208 1291 1253 ea
1314 1188 1460 1255 derivata

332 1282 580 1365 frequentissimi
613 1303 689 1348 usus
721 1284 801 1365 sint,
833 1284 975 1367 aliquem
1008 1285 1138 1351 odorem
1171 1285 1369 1368 antiquitatis
1401 1285 1459 1350 toti

333 1379 472 1446 dialecto
492 1380 645 1445 infundit.

418 1482 447 1540 4.
493 1477 612 1544 deinde
645 1479 706 1543 huc
741 1478 912 1545 referenda
944 1486 993 1546 est
1024 1479 1178 1563 aspiratio
1215 1480 1458 1545 consonantium

332 1574 586 1657 explosivarum,
613 1594 696 1657 quae
723 1596 795 1640 cum
823 1577 857 1640 in
886 1575 1051 1640 nonnullis
1081 1577 1237 1659 exemplis
1264 1576 1352 1661 apud
1373 1579 1459 1643 solos

331 1673 426 1737 lones
449 1692 514 1736 non
536 1672 621 1737 facta
643 1673 699 1753 sit,
728 1673 919 1739 documento
942 1679 991 1739 est
1013 1672 1185 1739 dialectum
1211 1693 1319 1740 eorum
1341 1675 1376 1740 in
1398 1675 1459 1741 hac

332 1789 367 1834 re
400 1774 593 1834 vetustatem
626 1770 785 1837 interdurn
820 1770 935 1837 melius
971 1790 1117 1836 servasse
1152 1790 1247 1853 quam
1284 1778 1459 1839 ceterorum

332 1866 536 1932 Graecorum.
581 1886 661 1950 eg.
690 1869 789 1935 affero
819 1867 971 1950 δέκομαι,
1000 1866 1187 1947 τετύκοντο,
1217 1869 1258 1934 de
1288 1870 1402 1951 quibus
1427 1890 1458 1933 v.

332 1963 490 2044 Curtium,
525 1964 638 2029 eruas
662 1970 734 2030 461.
777 1973 875 2048 atque
908 1964 1022 2031 eadem
1055 1966 1136 2030 ratio
1168 1966 1459 2049 praepositionibus

330 2060 519 2125 adhibenda
549 2068 613 2142 est,
648 2082 730 2144 quae
758 2068 835 2129 ante
862 2062 1022 2128 vocabula
1049 2082 1070 2125 a
1099 2064 1212 2145 spiritu
1239 2082 1354 2146 aspero
1381 2063 1459 2128 inci-

330 2158 453 2240 pientia
484 2159 629 2223 vocalem
663 2160 864 2226 terminalem
897 2158 1081 2224 amiserunt.
1134 2180 1210 2224 nam
1243 2159 1329 2241 quod
1361 2180 1459 2243 supra

332 2260 380 2338 (pr
400 2258 461 2321 236
484 2258 544 2337 sq.)
573 2256 711 2323 vidimus
739 2258 863 2322 Atticos
891 2255 1115 2337 antiquissima
1142 2262 1249 2321 aetate
1276 2257 1309 2322 in
1338 2258 1458 2324 talibus

331 2352 620 2434 enuntiationibus,
644 2356 756 2436 quales
778 2362 852 2420 sunt
874 2348 978 2438 ἇφοῦ,
1008 2357 1212 2437 καθημέραν,
1242 2360 1352 2418 notam
1373 2354 1459 2437 aspi·

331 2450 464 2515 rationis
487 2450 587 2515 semel
609 2457 733 2516 tanturn
756 2456 826 2533 (per
841 2444 877 2529 Φ,
903 2450 935 2513 Θ
957 2451 1067 2517 literas
1089 2451 1259 2534 aspiratas)
1282 2450 1456 2534 scripsisse,

331 2546 365 2611 id
387 2547 485 2629 paulo
510 2545 638 2612 diversa
662 2548 787 2615 ratione
814 2549 910 2615 etiam
938 2549 973 2613 in
1002 2546 1266 2614 consuetudinem
1289 2548 1456 2615 Neo-Ioni-

330 2664 399 2709 cam
431 2642 534 2725 cadit,
565 2664 628 2726 qua
654 2645 727 2728 ipsa
755 2665 881 2728 quoqne
909 2652 1018 2711 notam
1040 2644 1244 2729 aspirationis
1266 2646 1365 2712 semel
1388 2652 1457 2711 tan·

330 2748 413 2822 tum,
447 2740 505 2806 sed
533 2760 591 2824 per
619 2741 765 2823 spiritum
794 2763 943 2826 asperum
971 2742 1092 2822 vocali,
1126 2748 1203 2808 ante
1236 2763 1331 2824 quam
1365 2742 1457 2810 elisio

329 2839 415 2904 lacta
444 2845 508 2919 est,
543 2837 718 2921 praefixum
747 2842 898 2923 scriptam
928 2861 1000 2908 esse
1028 2845 1170 2906 constat:
1208 2832 1272 2903 ἀπ’
1302 2832 1350 2916 οὗ,
1380 2832 1454 2904 κατ’

329 2933 463 3020 ἡμέρην.
508 2954 591 3018 qnae
612 2937 808 3003 consuetudo
831 2939 981 3020 quoniam
1010 2938 1044 3002 in
1066 2937 1146 3003 Iade
1167 2937 1310 3003 Asiatica
1331 2957 1458 3021 semper

331 3034 463 3117 mansit,
498 3032 637 3099 studium
670 3035 884 3118 antiquitatis,
920 3034 1005 3117 quod
1035 3035 1068 3099 in
1097 3054 1138 3100 ea
1164 3033 1318 3116 vignerit,
1351 3033 1456 3100 denuo

330 3130 546 3207 confirmat³¹).
727 3192 738 3212 ,

418 3233 447 3294 5.
482 3248 576 3311 porro
599 3227 676 3310 quid
700 3227 740 3294 de
762 3228 979 3294 contractione
1001 3227 1160 3292 vocalium
1182 3226 1368 3308 iudicarem,
1391 3228 1456 3293 iam

330 3345 428 3408 supra
456 3327 499 3408 (p.
522 3329 584 3390 433
600 3332 660 3407 sq.)
682 3326 869 3408 significavi.
915 3326 1000 3390 Nam
1021 3324 1133 3388 ladem
1155 3323 1213 3401 (ita
1234 3325 1362 3407 proprie
1385 3344 1455 3391 earn

330 3429 454 3505 partem
484 3422 577 3487 huius
599 3422 729 3489 dialecti
752 3424 838 3504 dico,
869 3441 952 3506 quae
974 3441 1038 3487 non
1061 3421 1167 3486 Attica
1188 3420 1259 3497 luit)
1281 3422 1456 3504 antiquitus

330 3521 458 3584 Atticae
491 3521 690 3586 constantiae
722 3522 851 3587 vocales
882 3517 1093 3585 contrahendi
1126 3518 1313 3600 participem
1348 3520 1455 3601 fuisse,

331 3617 450 3684 deinde
472 3617 602 3682 vocales
625 3622 804 3682 contractas
832 3624 958 3683 tantum
986 3637 1050 3682 non
1072 3634 1185 3681 omnes
1206 3636 1314 3681 rursus
1343 3617 1456 3682 dissol-

330 3715 418 3780 visse
441 3713 574 3796 cogitari
604 3714 693 3778 nullo
722 3713 817 3778 modo
845 3721 960 3798 potest.
1009 3714 1172 3778 imovero
1206 3712 1299 3777 initia
1326 3715 1455 3781 vocales

331 3844 536 3855 -.--—

401 3908 433 3970 ³¹)
451 3906 520 3959 hacc
538 3904 672 3959 sententia
689 3920 768 3971 quam
785 3903 893 3958 minime
911 3904 936 3957 ei
952 3904 1113 3973 refragatur,
1131 3920 1212 3973 quam
1224 3904 1342 3971 Curtius,
1361 3906 1457 3961 Grdn.³

330 3992 380 4043 stc
399 3986 433 4041 de
449 3986 504 4039 hac
520 4000 550 4038 re
567 3984 734 4053 significarit.
762 4000 825 4039 nam
842 3984 866 4038 si
883 3984 997 4039 dicimus
1015 3984 1160 4039 etAtticos
1178 3990 1206 4039 et
1219 3985 1300 4040 Iones
1318 4002 1335 4041 a
1352 3986 1457 4054 duplici

330 4067 467 4137 scriptura
484 4056 657 4133 aspirationis
674 4064 703 4118 in
721 4065 896 4119 commissura
912 4064 1145 4133 praepositionum
1162 4070 1190 4119 et
1203 4066 1397 4121 vocabulorum
1414 4066 1456 4120 in·

329 4147 501 4217 sequentium
519 4146 695 4211 abstinuisse,
719 4160 829 4199 causam
846 4144 927 4197 huius
945 4144 1125 4199 abstinentiae
1148 4145 1278 4200 leniorem
1295 4145 1455 4215 pronuntia-

330 4229 433 4282 tionem
451 4226 562 4295 spiritus
581 4226 685 4295 asperi,
705 4226 737 4280 de
755 4240 808 4294 qua
826 4224 938 4279 Curtius
955 4224 972 4278 l.
989 4225 1008 4277 l.
1025 4223 1154 4293 loquitur,
1177 4224 1261 4279 fuisse
1278 4225 1333 4294 ipsi
1350 4242 1456 4295 quoque

329 4314 466 4377 putamus.
