3575 5334
431 696 493 757 426
950 702 1036 754 Cauer

431 870 504 937 letis
538 868 570 946 ἒς
593 920 601 934 .
624 920 631 935 .
654 919 662 933 .
685 922 692 935 .
717 870 916 954 εληλυθυίας
942 870 1124 937 restituerit.
1181 876 1214 934 at
1247 889 1441 952 quamquam
1475 872 1549 935 haec

431 968 615 1034 coniectura
629 968 832 1051 argutissime
847 969 1028 1050 excogitata
1051 973 1107 1046 est,
1131 974 1237 1033 tamen
1262 968 1399 1036 fortasse
1413 977 1550 1055 praestat

431 1088 494 1132 non
524 1086 661 1133 errorem
689 1064 850 1149 lapicidae
878 1071 1034 1147 statuere,
1063 1063 1121 1131 sed
1151 1065 1196 1130 sic
1218 1067 1319 1132 verba
1346 1069 1548 1134 constituere:

432 1167 583 1245 τέτταρες
614 1155 734 1246 ἠμέραι
769 1150 851 1246 ἦσαν
890 1157 1139 1245 ἕςεληλυθυίας,
1179 1162 1212 1226 in
1253 1164 1369 1245 quibus
1406 1185 1550 1231 numerus

431 1260 596 1327 literarum
614 1259 702 1326 idem
724 1266 781 1326 est.
819 1279 925 1342 neque
947 1259 1032 1325 enim
1054 1265 1122 1324 tota
1143 1259 1205 1324 hac
1220 1262 1451 1335 enuntiatione,
1476 1283 1550 1345 quae

431 1358 465 1422 in
488 1356 602 1423 eadem
624 1358 736 1423 tabula
757 1356 888 1439 saepius
911 1361 946 1432 (a.
962 1370 1000 1421 ιο.
1020 1361 1057 1434 n)
1072 1357 1235 1439 repetitur,
1258 1359 1429 1423 collocatio
1452 1361 1550 1443 singn-

433 1456 534 1519 lorum
557 1455 784 1519 vocabulorum
813 1460 880 1518 tam
894 1443 997 1519 ‘certa
1024 1454 1255 1520 consuetudine
1276 1457 1403 1520 sancita
1429 1464 1496 1538 est,
1523 1464 1551 1521 ut

434 1551 614 1616 mirandum
637 1552 687 1633 sit,
711 1550 796 1634 quod
819 1537 902 1633 ἦσαν
917 1551 1051 1615 verbum
1073 1551 1187 1617 ceteris
1210 1552 1289 1616 locis
1311 1552 1477 1635 omissum,
1500 1555 1551 1618 hoc

433 1669 498 1712 uno
520 1648 658 1730 positum
687 1648 737 1713 sit.
783 1652 853 1712 utut
873 1666 950 1712 vero
980 1646 1021 1713 de
1047 1648 1108 1712 han
1130 1669 1164 1713 re
1186 1647 1345 1714 iudicatur
1367 1657 1457 1718 (nam
1480 1652 1552 1715 mul·

434 1752 502 1809 tum
525 1744 617 1809 abest
631 1750 666 1808 nt
681 1744 874 1810 sententiam
892 1764 997 1810 meam
1018 1751 1182 1826 tamquam
1204 1752 1324 1812 certam
1346 1748 1550 1829 protulerim),

433 1841 506 1924 ipsa
533 1841 724 1905 constructio
754 1842 940 1923 verborum,
970 1841 1058 1907 cuius
1087 1842 1206 1907 similia
1235 1843 1386 1925 exempla
1416 1845 1551 1928 alioquin

435 1957 487 2003 me
509 1937 618 2019 legere
640 1958 705 2003 non
727 1939 873 2021 memini,
897 1940 977 2005 satis
999 1938 1137 2022 simplex
1160 1947 1191 2005 et
1212 1937 1383 2023 perspicua
1406 1947 1466 2007 cst.
1503 1944 1551 2007 ita-

436 2053 498 2116 que
520 2033 660 2099 dubitari
680 2035 800 2117 nequit,
825 2034 902 2117 quin
925 2036 959 2100 in
983 2032 1246 2122 [ἒσεληλμθυίας
1261 2034 1348 2101 ἑπτὰ
1363 2031 1489 2120 ἡμέρας
1503 2041 1552 2121 τῆς

344 2187 347 2192 .
435 2136 645 2212 πρυτανείας,
674 2132 760 2214 quod
781 2152 877 2198 verau
903 2137 940 2198 13
964 2140 1077 2214 exstat,
1100 2133 1179 2198 vitio
1203 2132 1400 2215 quadratarii
1424 2157 1446 2199 σ
1467 2158 1552 2221 proc

431 2227 605 2312 irrepserit.

521 2331 550 2388 4.
574 2323 691 2409 ἐγγύς
713 2326 912 2406 adverbium,
935 2327 1020 2409 quod
1043 2327 1139 2409 volgo
1162 2347 1233 2392 cum
1254 2330 1408 2411 genetivo
1431 2332 1553 2396 coniun-

433 2425 534 2507 gitur,
564 2444 584 2488 a
612 2425 717 2506 poetis
744 2444 985 2505 nonnumquam
1013 2444 1084 2489 cum
1112 2424 1221 2490 dativo
1250 2426 1401 2510 coniungi
1424 2436 1552 2495 constat.

436 2521 586 2604 exempla
606 2521 700 2587 huius
721 2521 851 2586 rarioris
872 2540 949 2586 usus
971 2521 1106 2586 collecta
1128 2528 1203 2586 sunt
1223 2523 1299 2588 aK.
1315 2523 1366 2588 W.
1382 2524 1552 2609 Kruegera

435 2618 511 2695 „Gn
535 2617 628 2699 Spr.“
650 2618 666 2681 l
688 2623 721 2683 et
742 2618 792 2698 ΙΙ,
815 2620 872 2696 48,
897 2630 941 2698 11,
966 2637 1051 2683 anm.
1075 2627 1107 2684 et
1128 2640 1148 2683 a
1172 2620 1208 2683 R.
1233 2618 1425 2702 Kuehnero‚
1449 2621 1552 2700 „Aust

437 2714 622 2779 Gramm.“²
644 2714 685 2796 Il,
709 2735 740 2797 p.
757 2718 829 2780 357.
866 2714 981 2796 quibus
1002 2714 1124 2781 addere
1146 2736 1314 2799 possumus
1337 2715 1372 2781 Ο.
1395 2718 1416 2781 'a
1441 2721 1479 2787 Α.
1499 2722 1552 2783 465

435 2811 648 2893 fragmentum
685 2811 770 2875 tituli
803 2812 993 2894 sepulcralis
1032 2813 1149 2896 privati
1181 2813 1327 2879 versibus
1364 2813 1554 2881 hexametris

436 2907 618 2992 compositi:

520 2998 696 3086 Ἀρχένεως
718 2999 794 3068 τόδε
817 3006 917 3090 effluo
940 3002 1022 3088 ...l
1044 3051 1175 3069 ......
1177 3008 1187 3082 ]

522 3094 635 3185 ἕτοιμ’
661 3100 753 3185 ἐγγυς
776 3096 852 3185 oldut
876 3094 1008 3183 ἀγαθοῦ
1030 3099 1086 3165 καὶ
1107 3098 1291 3185 [σώφρονος
1314 3095 1457 3185 ἆνδρός].

437 3208 469 3266 et
486 3200 581 3265 huius
596 3200 736 3283 exempli
751 3200 832 3264 ratio
848 3198 1058 3281 grammatica
1072 3198 1248 3282 simplicior
1262 3206 1311 3265 eat
1326 3219 1424 3281 quam
1441 3222 1554 3281 eorum,

437 3318 519 3380 quae
542 3298 576 3361 ll.
599 3298 634 3361 ll.
656 3317 677 3361 a
698 3296 776 3361 viris
799 3294 903 3361 doctis
925 3297 1028 3361 allata
1049 3302 1133 3361 sunt.

525 3399 553 3457 5.
598 3393 763 3458 insolitum
797 3394 993 3459 aoristum
1031 3413 1101 3475 pro
1140 3392 1384 3477 imperfecto
1421 3396 1555 3479 positum

437 3489 593 3557 habemus
616 3494 714 3570 322a‚
735 3504 749 3553 1
772 3491 806 3555 in
822 3491 974 3555 formula:
998 3488 1054 3554 ἐπὶ
1076 3490 1134 3574 τῆς
1155 3490 1276 3574 βουλῆς
1299 3491 1348 3575 [lp
1364 3492 1556 3577 Νικοφάνης

437 3585 672 3669 Μαραθώνιος
704 3589 837 3668 πρῶτος
870 3584 1149 3668 ἓγραμμάτευσεν,
1184 3607 1279 3670 quam
1315 3594 1347 3653 et
1375 3586 1556 3655 Boeckhius

438 3683 492 3760 (ad
515 3682 548 3748 C.
572 3683 592 3746 i.
618 3684 672 3751 Gr.
698 3689 766 3767 160,
791 3686 807 3749 l
829 3706 861 3768 p.
877 3689 951 3761 272)
974 3691 1005 3751 et
1027 3683 1242 3749 Kirchholfius
1263 3686 1285 3749 l.
1307 3684 1329 3748 l.
1351 3690 1387 3749 ut
1410 3686 1555 3753 vitiosum

437 3789 523 3848 recte
544 3781 676 3846 notavit.
716 3803 792 3847 nam
815 3781 958 3863 alioquin
980 3781 1067 3846 etin
1089 3781 1151 3846 hac
1172 3781 1309 3846 formula
1330 3785 1370 3859 (e.
1394 3802 1426 3865 g.
1452 3785 1554 3863 318A‚

438 3884 519 3952 1113)
543 3885 574 3944 et
595 3877 629 3942 in
645 3879 802 3944 similibus
826 3886 872 3951 (ut
895 3878 927 3942 οἱ
949 3881 1075 3959 ταμίαι,
1100 3870 1152 3953 οἷς
1174 3872 1301 3943 ὁόιῖνα
1324 3875 1554 3960 ἐγραμμάτευε,

439 3973 629 4054 παρέδοσαν
651 3980 905 4054 antecapturus,
931 3970 980 4051 οἷς
997 3970 1014 4037 ὃ
1031 3975 1122 4039 δεῖνα
1140 3971 1372 4058 ἐγραμμάτευε,
1401 3979 1461 4040 117
1477 3984 1554 4059 sqq.)

437 4092 564 4154 semper
591 4072 811 4155 imperfectum
839 4079 1018 4156 usurpatur.
1062 4072 1170 4154 itaque
1192 4091 1255 4136 uno
1283 4072 1341 4136 illo
1369 4072 1442 4137 loco
1469 4074 1554 4137 nulla

438 4170 503 4233 alia
526 4168 566 4234 dc
581 4187 678 4233 causa
699 4169 760 4233 nisi
782 4188 840 4252 per
853 4169 1091 4253 neglegentiam
1112 4168 1272 4253 lapicidae
1287 4168 1425 4233 aoristus
1447 4168 1552 4233 illatus

437 4284 509 4331 esse
528 4264 691 4347 putandus
712 4274 769 4330 est.
