3575 5334
634 714 667 769 de
685 714 800 768 dialecto
816 714 910 769 Attica
926 715 1081 770 vetustiore.
1115 715 1150 767 Π.
1355 788 1357 792 ¹
1388 716 1452 776 417

330 906 410 968 esse,
433 906 506 951 cum
527 881 663 963 *σωίζω
685 886 751 950 iam
772 885 897 969 pridem
915 886 949 950 in
965 882 1134 968 σῴζωνσΙ
1156 882 1251 963 σώζω
1273 888 1454 955 coaluisset.

327 1003 402 1048 nam
427 989 594 1065 utramque
616 983 863 1074 explicationem
886 983 1095 1064 Bambergius
1116 983 1151 1047 in
1173 990 1280 1050 mente
1301 984 1455 1051 habuisse

329 1086 444 1163 potest.
489 1087 521 1145 et
549 1080 686 1164 primum
708 1080 836 1162 quidem
860 1099 898 1145 eo
926 1087 1086 1163 tempore,
1115 1079 1201 1162 quod
1228 1082 1452 1149 vetustissimis

330 1177 528 1242 documentis
551 1176 765 1259 epigraphicis
786 1173 915 1258 assequi
940 1196 1124 1260 possumus,
1152 1175 1271 1241 *σωιῶ
1298 1178 1385 1243 iusta
1404 1199 1455 1244 ra·

329 1274 417 1339 tione
446 1273 487 1337 de
515 1271 652 1351 *σωίζω
682 1273 820 1339 derivari
849 1274 992 1358 potuisse
1014 1293 1108 1339 nemo
1130 1275 1208 1338 mibi
1235 1273 1453 1358 persuadebit,

329 1371 404 1454 quia
436 1389 541 1452 neque
573 1372 648 1436 ullis
679 1370 751 1436 aliis
785 1371 943 1456 exemplis
978 1368 1197 1436 confirmatum
1234 1378 1283 1437 est
1314 1372 1452 1437 futurum

330 1469 424 1534 buius
446 1467 709 1549 verbiumquam
731 1487 773 1533 ex
794 1467 946 1551 analogia
968 1468 1137 1533 verborum
1159 1470 1192 1534 in
1207 1468 1284 1547 ·ίζω
1307 1468 1454 1534 desinen-

329 1566 407 1629 tium
435 1564 604 1629 formatum
633 1583 704 1630 esse
713 1566 746 1640 ¹⁷)
775 1571 807 1629 et
834 1565 899 1629 iam
927 1563 1004 1630 inde
1032 1565 1074 1629 ab
1103 1565 1326 1648 antiquissima
1346 1572 1454 1632 aetate

330 1662 462 1744 linguae
492 1660 636 1728 Graecae
665 1658 760 1743 σῴζω
788 1681 829 1727 ex
857 1659 995 1740 *σωίζω
1017 1667 1214 1727 contractum
1242 1661 1276 1725 in
1297 1682 1358 1727 usn
1385 1661 1453 1727 fuit.

329 1779 405 1824 nam
433 1757 521 1841 apud
542 1758 715 1823 Homerum
738 1778 802 1822 uno
826 1764 912 1824 certe
934 1760 1020 1840 loco,
1052 1783 1066 1823 ε
1089 1763 1162 1839 490,
1191 1756 1304 1837 σώζων
1327 1758 1453 1841 legitur.

329 1861 361 1921 et
390 1855 605 1939 grammatici,
634 1856 688 1937 qui
717 1851 811 1937 σῴζω
840 1875 898 1940 per
925 1854 1061 1933 *σωίζω
1091 1856 1269 1939 explicant,
1303 1856 1330 1920 si
1358 1855 1454 1920 futuri

329 1952 423 2018 huius
444 1952 535 2035 verbi
557 1953 591 2017 in
605 1952 665 2015 -ιῶ
688 1952 835 2017 exeuntis
858 1971 1016 2017 memores
1037 1952 1181 2032 fuissent,
1204 1951 1239 2016 id
1259 1953 1343 2017 inter
1363 1971 1455 2034 argu·
1538 1996 1540 2000 -

330 2056 438 2115 menta
468 2049 680 2133 etymologica
702 2049 835 2114 allaturi·
858 2048 957 2115 luisse
984 2048 1119 2132 putandi
1147 2055 1231 2114 sunt.
1275 2048 1454 2131 quodcum

329 2167 393 2211 non
416 2146 564 2228 iecerint,
594 2147 659 2209 iam
681 2145 828 2211 dubitare
849 2166 914 2211 non
943 2165 1112 2229 possumus
1137 2146 1342 2211 vetustiorem
1363 2146 1454 2210 illam

330 2244 389 2310 etsi
412 2263 469 2326 per
491 2263 526 2309 se
548 2243 684 2308 fortasse
698 2243 814 2308 iustam
831 2242 1079 2309 declinationem
1094 2243 1185 2308 verbi
1200 2240 1334 2321 *σωίζω
1357 2262 1455 2325 supra
1482 2282 1484 2287 -

329 2341 514 2428 memoriam
545 2341 640 2405 etiam
670 2346 814 2405 veterum
841 2340 1120 2422 grammaticorum
1149 2358 1322 2404 removere.
1367 2339 1454 2421 quod

329 2438 355 2504 si
378 2439 449 2520 quis
471 2458 489 2503 e
511 2437 635 2502 duabus
657 2436 723 2501 illis
746 2437 1022 2521 explicationibus,
1046 2456 1126 2519 quas
1148 2456 1245 2519 supra
1266 2434 1453 2518 significavi,

329 2537 462 2600 alteram
492 2533 653 2618 praeferre
682 2541 713 2598 et
742 2552 783 2598 ex
811 2534 1032 2616 antiquissimo
1054 2553 1143 2598 more
1164 2529 1300 2611 *σωίζω
1322 2533 1453 2599 verbum

330 2631 514 2698 declinandi
543 2633 644 2696 solam
673 2628 824 2707 *owcd,·
841 2631 929 2695 σωῶ
950 2631 1084 2696 formam
1117 2629 1310 2696 remansisse
1342 2636 1455 2713 putare

329 2729 438 2819 malit,
468 2728 548 2793 baec
570 2728 651 2793 ratio
674 2728 770 2794 etiam
783 2728 898 2803 *minus
927 2728 1104 2812 probabilis
1126 2747 1222 2810 quam
1245 2747 1299 2809 ea,
1329 2725 1370 2792 de
1392 2745 1455 2808 qua

328 2827 423 2892 modo
457 2825 541 2906 dixi,
575 2837 652 2890 esse¹
678 2825 757 2889 mibi
789 2825 925 2891 videtur.
970 2845 1045 2889 nam
1077 2825 1106 2890 si
1138 2845 1202 2889 non
1233 2824 1337 2889 solum
1370 2822 1405 2888 O.
1433 2824 1454 2887 i.

330 2926 366 2990 Α.
392 2926 454 2988 397
479 2927 567 3000 (ante
593 2921 640 2985 Ol.
662 2919 716 2999 84)
747 2920 805 2987 sed
828 2922 925 2987 etiam
947 2929 1061 3005 postea
1086 2926 1127 3000 (v.
1151 2920 1400 2997 Weckleinium)
1420 2920 1455 2983 in

330 3018 423 3107 σῴζω
453 3024 529 3085 ante
559 3017 577 3095 ζ
603 3018 728 3083 literam
753 3041 765 3080 ι
794 3018 1008 3101 subscriptum
1037 3024 1199 3082 servatum
1226 3024 1290 3098 est,
1323 3015 1457 3081 credere·

329 3138 393 3183 non
422 3136 552 3199 possum
582 3114 636 3180 diu
664 3123 741 3180 ante
766 3114 813 3179 01.
835 3113 876 3176 81
908 3115 941 3178 in
963 3111 1084 3177 *σωιῶ
1113 3113 1198 3177 banc
1222 3113 1366 3177 vocalem
1389 3112 1454 3176 iam

329 3214 510 3281 evanuisse.
553 3212 587 3276 in
610 3232 671 3295 quo
693 3211 728 3276 id
750 3212 881 3276 maximi
907 3210 1060 3275 momenti
1089 3228 1160 3275 esse
1188 3214 1282 3290 puto,
1313 3207 1398 3290 quod
1420 3208 1454 3272 in

329 3311 462 3389 *σωιῶ,
495 3298 645 3376 simodo
673 3310 749 3375 talis
776 3308 878 3375 forma
907 3327 1064 3390 umquam.
1085 3304 1197 3370 audita
1224 3311 1288 3385 est,
1319 3304 1454 3369 rartius

330 3429 400 3473 cum
423 3407 647 3474 terminatione
663 3426 759 3488 quam
774 3425 845 3471 cum
861 3405 960 3488 stirpe
975 3401 1168 3469 cohaerebat
1189 3420 1249 3466 nec
1271 3406 1336 3466 tam
1358 3401 1455 3467 facile

317 3527 424 3589 ,quam
458 3506 492 3570 in
519 3502 612 3587 σῴζω
639 3504 680 3568 ab
711 3527 736 3565 ω
759 3502 971 3569 antecedente
998 3500 1146 3566 devorari
1172 3503 1306 3582 poterat.
1350 3516 1455 3579 neque

402 3741 432 3805 ¹⁷)
458 3739 623 3800 vincerem,
645 3751 680 3789 ne
703 3735 763 3804 quis
786 3736 850 3788 mihi
873 3736 977 3790 obiciat
998 3735 1094 3789 saltem
1111 3732 1202 3800 aliqua
1225 3730 1345 3799 quamuis
1362 3729 1454 3799 prisca

330 3823 421 3873 aetate
438 3820 537 3869 *σωιώ
555 3816 583 3869 in
601 3831 654 3869 usu
671 3815 756 3869 fuisse
773 3816 924 3883 putandum
941 3830 1008 3870 esse.
1043 3830 1106 3869 nam
1123 3825 1285 3881 quamquam
1302 3809 1336 3863 de
1353 3808 1455 3863 talibus

330 3900 411 3954 rebus
430 3899 496 3952 nibil
516 3896 582 3951 certi
600 3898 719 3949 statuere
737 3910 890 3963 possumus,
909 3898 1001 3949 tamen
1017 3894 1074 3948 veri
1091 3894 1158 3948 satis
1175 3888 1261 3946 simile
1278 3892 1322 3944 est
1336 3888 1455 3943 Graecos

331 3980 445 4034 formam
462 3978 567 4045 legibus
585 3975 669 4029 totius
686 3975 792 4042 linguae
810 3989 906 4043 pamm
923 3974 1164 4040 accommodatam,
1182 3970 1271 4041 qualis
1289 3971 1386 4021 *σωωῖ
1403 3974 1455 4035 est,
1512 4018 1514 4021 ,

332 4074 436 4127 semper
455 4056 625 4126 repudiasse,
650 4055 807 4124 praesertim
830 4071 890 4109 cum
914 4054 949 4109 ab
971 4052 1064 4128 eadem
1087 4054 1177 4108 radice
1199 4051 1333 4105 derivatas
1356 4048 1455 4116 stirpes

333 4155 407 4197 σαω,
429 4155 480 4189 σω-
497 4137 638 4202 haberent,
656 4136 787 4202 aquibus
805 4135 926 4189 futurum
945 4149 999 4188 non
1016 4133 1103 4186 solum
1117 4132 1239 4187 derivare
1255 4131 1389 4198 poterant,
1407 4127 1457 4184 sed

332 4234 362 4273 re
377 4233 446 4273 vera
464 4217 628 4273 derivarunt.
655 4214 689 4269 de
706 4215 759 4268 hae
776 4230 806 4269 re
824 4213 1002 4269 conferendus
1020 4219 1061 4266 esi
1080 4228 1147 4267 usus
1164 4210 1332 4275 Homericus,
1351 4223 1385 4262 ex
1401 4222 1456 4276 qno

332 4315 354 4353 e.
374 4314 398 4366 g.
417 4296 548 4355 σαώσεαι,
569 4314 591 4364 φ
611 4300 668 4361 309,
686 4294 779 4349 affero.
1213 4368 1216 4374 Ι
1238 4374 1254 4407 *

1200 4376 1231 4426 27
