3575 5334
764 714 797 768 de
815 715 898 783 alpha
913 715 1053 771 intensive.
1427 720 1467 780 53

345 881 534 965 ἐπίσταμαι
557 887 614 950 καὶ
629 884 713 967 μετὰ
734 893 794 951 τοῦ
817 885 1070 953 ίπιτατικοῦ
1087 913 1108 952 α
1123 885 1237 968 ἀείδω,
1260 889 1299 954 τὸ
1321 891 1395 957 λίαν
1417 917 1469 976 γι-

344 978 497 1064 γνώσκω.
542 983 658 1048 Nescio
687 984 777 1049 aliud
799 985 875 1066 quid
904 986 945 1051 sit
966 988 1066 1070 alpha
1087 988 1148 1053 nisi
1171 989 1381 1070 prothetioum
1407 1012 1469 1073 quo

344 1078 438 1143 radix
461 1079 517 1142 oid
537 1079 639 1146 forma
660 1082 850 1147 secundaria
872 1083 990 1149 radicis
1010 1084 1073 1147 ved
1093 1084 1287 1167 amplificata
1308 1086 1364 1166 sit,
1388 1107 1470 1169 quae

345 1177 456 1241 subest
471 1178 642 1244 Sansoritis
663 1179 828 1245 voeabulis
848 1181 974 1243 eademi
992 1183 1114 1263 loquor,
1137 1182 1237 1244 τοτοῖ
1258 1184 1394 1264 oelehro,
1416 1196 1469 1247 το-

346 1273 474 1357 dajemi,
498 1274 631 1340 Graecis
652 1272 733 1356 teo,
756 1273 843 1342 ὖόέω
866 1285 970 1359 canto,
993 1274 1076 1364 iidpg
1098 1287 1209 1344 eantur
1227 1279 1391 1345 similibus.
1422 1281 1469 1347 Of.

346 1370 474 1437 Curtius
498 1375 569 1436 247.

432 1468 602 1534 Consonae
624 1470 996 1552 explosivae'rarissime
1010 1480 1086 1536 ante
1103 1492 1138 1537 se
1159 1472 1323 1555 prothesin
1345 1475 1469 1555 patiun·

345 1572 410 1644 tur,
456 1565 515 1632 sed
550 1566 727 1649 aspiratae,
769 1569 918 1650 quoniam
953 1576 1044 1634 erant
1080 1568 1287 1635 difficillimae
1319 1570 1362 1635 ad
1399 1593 1469 1655 pro-

346 1662 577 1743 nuntiandum,
607 1664 719 1746 quidni
741 1666 840 1748 alpha
861 1673 1004 1731 nostrum
1026 1666 1237 1731 admiserint?
1280 1668 1386 1734 Unum
1408 1668 1469 1735 etsi

347 1762 531 1843 exemplum
546 1760 672 1825 Curtius
687 1764 803 1844 attulit,
820 1764 954 1829 verbum
972 1760 1083 1827 ἐθέλω
1099 1771 1226 1845 praeter
1240 1764 1344 1845 θέλω,
1360 1774 1467 1832 tamen

346 1859 427 1921 nihil
452 1865 502 1922 est
523 1878 578 1923 our
598 1859 763 1940 prothesin
779 1879 799 1924 a
813 1861 965 1942 gutturali
987 1861 1129 1943 aspirata
1143 1862 1374 1944 ahjndioemus‚
1398 1884 1469 1929 eum

347 1955 533 2037 praesertim
572 1976 638 2020 non
678 1955 773 2019 modo
808 1977 873 2021 non
907 1957 1138 2039 expeditiorem
1176 1959 1468 2042 pronuntiationem

346 2053 483 2117 haberet
505 2051 562 2117 sed
592 2052 731 2116 omnium
754 2053 888 2119 fortasse
914 2053 1075 2118 literarum
1104 2056 1243 2120 maxime
1270 2057 1468 2139 impeditam.

347 2149 454 2228 Quare
476 2169 574 2213 unum
597 2149 660 2213 huo
681 2149 798 2215 referre
827 2151 1011 2232 exemplum
1033 2172 1097 2216 non
1119 2170 1232 2217 vereor
1253 2170 1294 2216 ne
1316 2154 1469 2220 audacius

346 2246 494 2313 videatur

435 2385 487 2459 12)
523 2376 679 2467 ἀχανής

346 2535 451 2613 hians,
475 2540 599 2616 patens,
621 2534 806 2598 immensus.
843 2497 983 2598 Primum
1006 2534 1093 2617 apud
1116 2535 1309 2616 Sophoclem
1330 2534 1389 2617 frg.
1406 2540 1468 2602 852

345 2631 443 2696 Dind.
467 2630 638 2713 invenitur,
666 2631 721 2694 uhi
751 2637 832 2696 teste
853 2631 1037 2715 Phrynicho
1064 2632 1105 2696 de
1132 2631 1316 2715 labyrintho
1344 2632 1470 2715 praedi-

345 2736 454 2811 eatur3
484 2728 603 2793 deindo
624 2727 727 2792 ramus
748 2734 936 2811 usurpatum
964 2748 1035 2794 esse
1057 2726 1192 2808 videtur,
1222 2728 1324 2794 donee
1348 2730 1468 2795 Plutar-

343 2827 424 2891 ohus
454 2826 516 2890 hoe
537 2824 703 2908 epitheton
726 2826 893 2908 conjunxit
921 2844 991 2889 oum
1020 2825 1185 2890 vocabulis
1213 2827 1377 2909 πέλαγος,
1407 2851 1469 2893 πο-

345 2922 431 3001 δίον,
465 2918 569 3006 χώρα,
605 2921 727 3001 τόπος,
762 2918 888 3004 ἅμμος,
927 2920 1065 3007 ἐρημία,
1104 2919 1308 3007 στράτευμα,
1344 2921 1468 3005 βάθος,

340 3028 459 3105 aperta
492 3038 619 3104 semper
650 3019 881 3102 significatione
914 3020 1070 3085 immensi.
1120 3020 1218 3083 Pauoi
1249 3026 1372 3084 tantum
1406 3021 1467 3085 looi

340 3123 476 3185 exstant
498 3117 553 3181 uhi
575 3118 725 3200 negativo
748 3138 843 3184 sensu
872 3112 998 3201 ἀχανής
1019 3123 1206 3199 usurpatum
1229 3135 1300 3180 esse
1322 3117 1468 3181 nonnulli

336 3217 405 3280 viri
443 3215 529 3279 doeti
561 3221 753 3280 censuerunt
785 3214 874 3279 velut
912 3212 999 3295 apud
1035 3213 1197 3294 Theophr.
1235 3212 1275 3276 de
1307 3219 1394 3276 vent.
1428 3216 1468 3276 29

336 3310 463 3388 ἁπλῶς
487 3310 523 3377 δὲ
547 3312 581 3376 οί
602 3310 705 3377 τόποι
727 3309 855 3387 πολλὰς
881 3314 1021 3373 ποιοῦσι
1047 3315 1114 3372 τῶν
1141 3304 1340 3390 πνευμάτων
1366 3332 1469 3388 μετα-

333 3406 467 3489 βολὰς,
497 3404 605 3485 ἄλλως
627 3434 663 3475 τε
687 3410 744 3473 καὶ
765 3406 804 3472 τὸ
828 3405 1045 3493 σφοδρότερα
1066 3407 1122 3470 καὶ
1149 3401 1356 3490 ἠρεμέστερα
1378 3409 1469 3489 γίνε-

338 3512 444 3583 σθαι,
468 3502 628 3588 καθάπερ
651 3504 711 3571 ἐὰν
735 3504 792 3569 διὰ
815 3509 934 3569 στενοῦ
957 3505 1014 3568 καὶ
1036 3499 1179 3583 ἀχανοῦς
1201 3499 1286 3587 πνέῃ
1310 3502 1331 3565 i.
1348 3522 1376 3568 e.
1391 3509 1426 3567 ut
1441 3506 1470 3569 si

333 3609 596 3687 perangustum
624 3611 680 3668 aut
706 3609 870 3685 patentem
892 3602 1003 3666 'looum
1033 3601 1166 3683 spirent.
1210 3598 1300 3677 Quae
1324 3618 1395 3663 oum
1423 3600 1469 3664 ita

328 3702 418 3783 sint,
442 3718 593 3783 perverso
611 3698 734 3783 judieio
757 3698 964 3764 Hennioheus
985 3718 1051 3763 non
1073 3697 1246 3776 dubitavit,
1270 3697 1346 3779 quin
1369 3697 1468 3779 alpha

331 3799 385 3864 sit
407 3796 604 3879 negativum.
649 3796 874 3863 Prudentiores
896 3803 1021 3862 veteres
1049 3794 1263 3876 grammatici,
1293 3794 1345 3875 qui
1368 3794 1469 3877 alpha

331 3894 540 3960 intensivum
569 3912 640 3960 esse
663 3893 857 3975 judicarent·
875 3898 910 3956 ut
938 3894 988 3958 Et.
1018 3894 1059 3957 hl.
1086 3896 1155 3973 180,
1189 3894 1227 3955 16
1256 3885 1378 3971 ἀχανές
1406 3889 1464 3956 πέ-

330 3991 463 4075 λαγος·
492 3990 586 4074 παρὰ
607 3988 646 4054 τὸ
667 3994 782 4070 χαίνω,
803 3987 905 4070 χάνω,
925 3987 1026 4070 χανὲς
1049 3989 1106 4053 καὶ
1127 3986 1212 4069 μετὰ
1235 3994 1294 4052 τοῦ
1317 3987 1468 4053 ἐπιτα-

334 4094 466 4153 τικοῦ
489 4111 510 4152 α
532 4084 664 4168 ἀχανές,
686 4085 725 4151 τὸ
748 4088 822 4151 λίαν
848 4084 995 4172 κεχηνός.
1040 4087 1090 4150 Et.
1113 4085 1196 4151 Gud.
1219 4106 1250 4167 p.
1269 4087 1310 4148 99
1331 4081 1370 4145 τὸ
1392 4082 1466 4147 λίαν

337 4182 565 4271 ἀνεῳγμένον.
610 4186 824 4250 Buttmannus
848 4183 948 4266 alpha
975 4184 1169 4249 intensivum
1192 4180 1332 4262 agnovit,
1354 4178 1467 4243 Passe-

341 4284 414 4351 vius
437 4292 470 4350 et
492 4283 676 4348 Loheokius
705 4281 933 4365 euphonioum,
958 4300 1091 4362 quorum
1118 4280 1175 4343 illo
1197 4277 1281 4339 male
1303 4280 1468 4356 eomparat
