3575 5334
341 659 403 723 190
834 669 976 724 Merzdcrf

426 840 464 904 In
488 840 538 905 his
560 841 655 923 igitur
672 840 781 907 formis
805 838 851 906 tt
873 842 933 907 ἇαι
954 841 987 907 iu
1011 866 1050 908 εα
1074 866 1129 908 eoa
1151 848 1327 911 mutantur.
1358 839 1400 909 ἀο
1416 841 1465 908 Eo

341 933 404 1000 ἇου
433 944 540 1004 autem
571 938 604 1004 iu
634 940 849 1022 compluribus
881 940 988 1007 verbis
1016 942 1187 1008 contractis
1216 944 1249 1007 iu
1280 965 1316 1007 εο
1341 965 1387 1007 ero
1411 965 1489 1007 εον,

339 1035 507 1102 transiisse
527 1043 689 1121 putantur,
712 1038 902 1121 plerumque
923 1058 999 1105 vero
1022 1039 1054 1104 iu
1078 1063 1105 1102 ω
1128 1039 1369 1106 contrahuntur.
1420 1041 1468 1106 Ea

341 1132 485 1215 quaestio
509 1133 550 1199 de
572 1135 741 1200 verborum
763 1135 797 1201 iu
814 1159 863 1200 αω
879 1135 989 1203 formis
1010 1136 1210 1203 instituenda
1230 1144 1296 1203 taur
1320 1136 1468 1202 intricata

339 1237 468 1314 tamque
491 1230 630 1298 difficilis
657 1234 810 1317 expeditu
832 1241 896 1315 est,
929 1241 964 1299 ut
991 1255 1086 1300 nemo
1114 1234 1220 1300 adhuc
1241 1253 1310 1300 rem
1339 1254 1468 1318 prorsus

339 1330 565 1405 absolverit.³⁴)
609 1331 795 1398 Incredibili
818 1331 962 1397 codicum
985 1332 1201 1413 fluctuatione,
1230 1351 1302 1397 cum
1325 1351 1467 1416 praeser-

338 1427 395 1493 tim
418 1428 484 1494 alia
505 1427 704 1511 adjumenta,
728 1430 842 1511 quibus
864 1429 934 1495 nixi
957 1449 1024 1495 rem
1046 1430 1089 1495 ad
1111 1428 1267 1512 liquidum
1289 1429 1466 1513 perducere

337 1527 512 1610 possimus,
544 1527 673 1591 omniuo
701 1526 768 1593 scre
796 1527 918 1610 desint,
947 1548 1121 1610 numquam
1150 1525 1245 1594 credo
1274 1547 1373 1609 quam
1399 1527 1467 1611 ipsc

338 1623 520 1690 Herodotus
549 1632 675 1692 secutus
704 1625 746 1691 sit
767 1623 941 1706 rationem,
971 1626 1005 1690 iu
1031 1631 1143 1707 aperto
1165 1625 1233 1692 erit.
1277 1625 1466 1708 Priusquam

338 1727 462 1804 autem,
486 1720 562 1804 quid
584 1723 645 1787 hac
667 1722 700 1787 iu
723 1742 757 1788 re
779 1721 848 1789 veri
869 1722 974 1788 simile
996 1722 1053 1805 sit,
1075 1721 1152 1806 quid
1174 1742 1257 1803 non,
1280 1721 1361 1805 ipse,
1390 1723 1466 1787 mul·

338 1826 404 1883 tum
433 1839 453 1884 a
481 1820 613 1901 ceteris,
648 1820 701 1901 qui
730 1840 799 1886 eam
830 1820 1051 1902 quaestionem
1079 1826 1271 1901 tractarunt,
1300 1818 1465 1900 recedens,

339 1937 515 2001 exponam,
544 1917 671 1983 codices
694 1918 769 2000 quid
794 1938 829 1984 re
851 1920 969 1994 vera³³t
998 1918 1141 1999 tradant,
1171 1917 1327 2000 narrabo,
1358 1937 1464 2000 quam-

339 2035 433 2097 quam
463 2012 546 2097 quod
576 2014 761 2081 Diudorfius
790 2016 830 2081 de
858 2015 1009 2081 universa
1037 2014 1181 2080 codicum
1215 2014 1341 2080 ratione
1376 2013 1464 2096 dixit,

337 2112 380 2178 ad
403 2114 487 2177 hauc
515 2113 715 2195 potissimum
744 2112 935 2196 pertinuisse
963 2113 1183 2196 quaestionem
1207 2112 1353 2179 videtur:
1392 2111 1464 2194 „qui

337 2211 408 2277 sola
449 2212 639 2277 austeritate
675 2208 819 2275 codicum
859 2210 927 2293 regi
966 2209 1124 2293 judicium
1161 2229 1252 2276 suum
1289 2208 1463 2293 patiuntru,

336 2307 472 2393 perinde
500 2308 636 2390 faciunt,
666 2327 705 2373 ac
739 2307 766 2372 si
795 2307 867 2389 quis
889 2315 1082 2374 tesserarum
1105 2307 1197 2391 jactu
1225 2305 1462 2373 decernendum

336 2427 408 2474 esse
437 2405 627 2488 contendat,
657 2406 772 2488 quibus
800 2400 932 2489 quoque
948 2404 981 2469 iu
1003 2406 1074 2470 loco
1097 2405 1328 2471 vocabulorum
1355 2404 1462 2469 formis

336 2526 412 2572 usus
435 2524 506 2571 esse
527 2502 691 2586 putandus
713 2504 754 2569 sit
776 2503 990 2569 Herodotus.“

421 2602 528 2667 Primo
556 2599 708 2667 tredecim
730 2601 832 2667 verba
853 2607 1036 2683 sequantur,
1065 2600 1099 2665 in
1121 2599 1236 2681 quibus
1258 2598 1388 2665 codices
1410 2598 1460 2663 flu·

337 2707 461 2780 ctuant,
491 2699 537 2762 ita
565 2704 674 2763 tamen
702 2704 737 2762 ut
766 2697 888 2765 formae
911 2702 1094 2763 contractae
1116 2698 1213 2779 longe
1233 2698 1458 2780 praevaleant:

425 2801 452 2861 1.
497 2800 780 2878 καταρέονται
809 2795 1001 2873 1139Pz,
1030 2799 1260 2879 καταρέωνται
1285 2793 1325 2874 C,
1362 2819 1468 2877 κατα-ι

337 2901 462 2979 ρῶνται
477 2892 585 2975 ceterI.
619 2885 800 2975 ἀρέομαι
822 2892 1004 2971 11165Ρτ,
1027 2888 1180 2977 ἀρέωμαι
1198 2889 1230 2970 C,
1253 2886 1390 2977 ἀρῶμαι
1405 2901 1458 2959 cet.

336 2992 489 3071 (ΑΒΜ),
511 2990 569 3057 sed
592 2986 761 3075 ἀρώμενοι
784 2991 799 3055 I
823 2993 874 3071 27,
904 2986 1034 3076 ἠρῶντο
1058 2989 1135 3054 VIII
1157 2993 1198 3054 94
1221 3009 1346 3056 omnes·

421 3094 450 3155 2.
494 3092 747 3171 κοιμέονται
769 3088 802 3152 ΙΙ
824 3089 864 3152 95
887 3087 952 3166 Pz,
986 3093 1189 3169 κοιμέωνται
1214 3085 1246 3165 C,
1276 3094 1458 3170 κοιμῶνται

334 3196 393 3256 eet.
428 3184 801 3267 Intactptcvwcae)
834 3184 879 3248 IV
917 3188 975 3248 172
1009 3185 1069 3263 Pd,
1106 3182 1374 3266 ἒπικοιμέιονται
1409 3184 1456 3264 Ca,

334 3284 581 3367 ἒνιικοιμῶνται
595 3288 673 3365 cet,
689 3281 747 3349 sed
762 3280 993 3364 κοιμῶμεθαΙ
1008 3286 1038 3364 9,
1056 3280 1332 3366 συγκοιμώμενος
1348 3285 1399 3349 III
1411 3288 1456 3364 69,

334 3389 481 3468 κοιμῷτο
504 3381 554 3445 IIl
578 3385 618 3446 68
642 3399 761 3446 01111168.

420 3484 449 3545 3.
493 3483 670 3559 τιμέωσι
699 3478 794 3542 1150
826 3475 916 3555 CPz,
950 3481 1074 3558 τιμῶσι
1102 3483 1171 3557 eet,
1202 3475 1456 3560 τιμεόμενος

332 3626 536 3637 ---

403 3711 435 3774 ³⁴)
453 3708 574 3763 Plurima
590 3707 709 3777 proiecit
721 3706 872 3777 Lhardyus‚
891 3720 1052 3775 quamquam
1069 3704 1143 3760 haud
1160 3704 1308 3761 sufficienti
1325 3714 1459 3777 apparato

334 3791 426 3846 critico
445 3805 526 3854 usus,
549 3788 578 3844 in
601 3789 745 3858 praeclara
769 3787 960 3843 dissertatione
984 3786 1033 3849 „de
1057 3784 1246 3855 conjugatione
1268 3789 1416 3844 verborum
1431 3789 1459 3843 in

333 3890 383 3938 oo,
404 3869 592 3940 quaestionum
609 3869 643 3923 de
661 3868 777 3923 dialecto
795 3867 927 3923 Herodoti
944 3871 1028 3937 caput
1044 3867 1159 3921 alterum
1180 3870 1269 3921 1846“.

400 3953 433 4018 ³⁵)
451 3949 577 4005 Bredovii
594 3948 820 4005 commentatione
833 3953 869 4019 (p.
882 3952 1028 4014 asa-391)
1046 3961 1123 4002 nemo
1138 3947 1196 4016 jam
1207 3946 1248 4001 uti
1267 3948 1379 4017 poterit,
1398 3964 1458 4004 cnm

330 4036 358 4089 et
381 4032 505 4089 codicum
531 4031 683 4100 scripturae
708 4029 778 4084 falso
801 4029 857 4083 sint
879 4030 1015 4086 exhibitae
1038 4031 1066 4083 et
1091 4042 1234 4097 perversae
1255 4028 1289 4083 d'e
1310 4028 1456 4083 formarum
1485 4051 1489 4055 ’

330 4115 434 4183 origine
452 4112 594 4182 opiniones
611 4110 650 4165 ibi
666 4110 841 4179 proferantur
859 4111 904 4176 (ci.
923 4106 948 4179 pL
969 4114 1027 4164 333.
1045 4112 1103 4163 334.
1123 4112 1190 4172 ³85).

399 4196 432 4261 ³⁶)
450 4194 502 4264 Qui
520 4191 627 4247 codices
645 4188 842 4260 ἐπικοιμῶνται
860 4192 907 4261 qui
924 4192 1191 4260 ἐπικατακοιμῶνται
1208 4187 1341 4256 scribant,
1357 4190 1410 4244 hec
1425 4188 1456 4242 in

330 4276 487 4344 quaestione
503 4272 571 4344 nihil
588 4272 709 4327 urterest.
