3575 5334
332 675 393 737 152
827 674 966 769 Merzdcri

331 860 460 918 exeunt.
505 850 597 929 Quod
619 849 705 915 idem
729 850 891 917 Herodoto
913 868 978 912 non
1001 846 1129 912 licuisse
1154 845 1223 928 jam
1246 866 1286 912 ex
1309 865 1347 911 eo
1372 846 1455 912 colli·

331 949 431 1032 gitur,
462 948 545 1031 quod
575 948 618 1027 is,
651 948 805 1016 orationis
832 944 990 1029 pedestris
1018 946 1167 1027 scriptor,
1202 963 1306 1028 paene
1335 943 1455 1007 nullam

332 1065 460 1120 causam
490 1045 700 1129 hyphaeresis
723 1041 944 1109 admittendae
967 1041 1123 1121 habebat,
1152 1043 1303 1125 qnoniam
1326 1040 1457 1105 Ionibus

333 1167 366 1208 εε
399 1142 562 1206 minimam
601 1142 752 1207 movebat
788 1140 978 1206 molestiam.
1034 1140 1147 1222 Itaque
1184 1139 1310 1205 Steinio
1346 1137 1455 1220 (praei.

331 1239 453 1316 LXIX)
477 1238 636 1304 Bredovio
663 1244 705 1321 (p.
733 1240 802 1301 196.
826 1240 887 1301 285
904 1255 972 1318 squ.
995 1240 1069 1313 347)
1100 1237 1256 1302 Fritscbio
1285 1235 1391 1308 (stud.
1415 1235 1456 1299 Vl

331 1359 363 1422 p.
389 1340 461 1413 131)
490 1337 588 1420 plane
611 1336 779 1415 assentior,
808 1334 861 1415 qui
892 1334 934 1398 ab
957 1334 1120 1399 Herodoto
1148 1334 1268 1400 formas
1294 1337 1458 1397 ποίεσκοκ

331 1434 400 1501 sim.
424 1434 548 1498 alienas
569 1432 667 1498 tuisse
695 1437 836 1498 censent.
881 1431 1016 1513 Semper
1036 1432 1134 1514 igitur
1161 1437 1346 1496 ποιέεσκον
1370 1430 1386 1494 Ι
1409 1433 1456 1513 36,

332 1535 492 1595 ποιέεσκε
520 1530 562 1594 IV
587 1532 626 1594 78
657 1527 829 1601 λέποέεσκε
852 1528 912 1607 R),
947 1528 1119 1605 πωλέεσκε
1149 1529 1165 1593 Ι
1192 1532 1251 1593 196
1284 1527 1458 1594 scribemus

331 1646 436 1709 neque
461 1626 680 1692 cunctabimur
709 1626 771 1689 Vll
796 1630 825 1689 5.
851 1627 910 1688 119
938 1630 1138 1691 ποιεέσκετο
1168 1626 1246 1702 (illio
1274 1630 1458 1690 ποιεέσκετο

335 1721 455 1799 ABCd,
490 1720 645 1789 inolesco
679 1723 774 1800 PRz,
808 1721 860 1787 hic
893 1721 1049 1787 doroscoro
1081 1722 1128 1800 R,
1163 1727 1344 1787 morentiaco
1376 1729 1458 1801 cet),

332 1820 434 1885 1186
468 1817 695 1905 ἀπαιρέεσκον
731 1827 815 1897 (cum
844 1820 935 1897 Rus,
970 1816 1177 1902 ἀπαίρεσκον
1206 1823 1293 1901 cet),
1328 1819 1460 1884 111209

333 1914 473 2003 ἠχέεσκε
497 1920 619 1992 (contra
635 1938 750 1983 'omnes
772 1916 912 1991 codices)
935 1917 1097 1982 exhibere.
1431 1932 1441 1943 ’

419 2014 492 2079 Non
507 2013 538 2097 j,
561 2015 619 2081 sed
640 2038 656 2077 s
678 2013 809 2080 evanuit

421 2118 449 2185 1)
478 2111 512 2175 in
535 2132 619 2176 nom.
641 2113 723 2195 plur.
747 2111 891 2195 stirpium
912 2111 948 2175 in
971 2134 1024 2186 -ες
1047 2111 1230 2175 exeuntium
1252 2111 1342 2175 velut
1367 2102 1460 2175 edro-

330 2214 407 2291 χέες
430 2210 445 2274 Ι
468 2212 518 2289 32,
542 2208 786 2295 προςφιλέεςΙ
813 2212 871 2271 163
895 2208 979 2285 (116),
1003 2205 1138 2284 ἀτελέες
1161 2209 1264 2287 1192,
1289 2228 1461 2288 σχοινοτε-

333 2314 406 2385 υέες
429 2308 596 2372 lisceto.
621 2306 671 2383 (cf.
695 2306 791 2370 etiam
815 2306 911 2388 (δοες.
936 2305 1006 2370 Gor.
1031 2326 1060 2387 p.
1078 2308 1149 2385 438,
1171 2324 1305 2387 gramm.
1329 2306 1458 2371 Meerm.

332 2426 364 2489 p.
388 2408 449 2469 652
479 2406 499 2484 ξ
525 2407 585 2479 12).
614 2439 655 2448 -
686 2402 790 2467 Etiam
813 2409 894 2482 turn,
925 2423 996 2467 cum
1018 2409 1094 2468 ante
1117 2426 1151 2467 εε
1175 2425 1196 2464 α
1218 2401 1358 2484 positum
1381 2408 1459 2483 erat,

333 2526 367 2568 εε
390 2501 545 2567 remansit
566 2499 655 2564 velut
677 2496 799 2575 ἀδαέες
823 2500 907 2564 1796
931 2501 1044 2579 11146,
1068 2507 1103 2563 ut
1124 2500 1281 2564 vocalium
1305 2522 1364 2564 σεε
1388 2519 1460 2564 con·

333 2619 457 2663 cursum
486 2595 618 2661 ionibus
651 2595 739 2660 haud
773 2596 975 2679 displicuisse
1003 2598 1079 2680 jure
1112 2595 1294 2662 concludas.
1341 2596 1460 2661 Contra

334 2693 500 2770 ἐπιδεέες,
523 2693 608 2775 quod
631 2713 715 2757 nunc
730 2694 775 2757 IV
795 2698 854 2759 130
870 2704 903 2761 et
918 2696 979 2760 VIl
995 2698 1035 2759 29
1059 2694 1183 2776 legitur,
1206 2694 1261 2757 vix
1284 2695 1459 2775 genuinum

334 2801 392 2874 est,
415 2811 486 2856 cum
509 2789 627 2872 triplex
647 2814 662 2853 ε
679 2791 820 2871 Ionibus,
843 2793 958 2874 quibus
977 2794 1047 2876 jam
1069 2791 1135 2856 alia
1157 2791 1315 2874 quaedam
1338 2791 1461 2857 vocalis

333 2888 406 2973 post
428 2911 462 2953 εε
482 2888 596 2970 posita
619 2887 825 2970 displicebat,
855 2891 1024 2971 probatum
1048 2908 1119 2955 esse
1141 2889 1218 2952 mibi
1241 2909 1306 2953 non
1329 2908 1460 2971 persua·

333 2986 411 3052 dere
439 2985 570 3068 possim.
614 2984 785 3050 Praeterea
813 2986 859 3049 IV
884 2991 944 3051 130
972 2988 1005 3050 in
1035 2985 1105 3051 cod.
1132 2984 1246 3049 ABCd
1273 2983 1458 3063 ἐπιδευέες,

334 3083 459 3161 111129
482 3082 516 3145 in
538 3082 651 3146 anecd.
675 3083 812 3147 Beklx.l
836 3103 866 3164 p.
886 3086 1021 3162 416,-17
1045 3080 1192 3158 έπιδέες,
1216 3082 1303 3165 apud
1326 3083 1459 3148 Suidam

332 3179 502 3254 ἐπιδευεῖς
525 3178 679 3244 scribitur.
724 3178 926 3262 Quapropter
950 3189 1006 3244 aut
1027 3178 1204 3255 ἐπιδευέες
1226 3186 1291 3261 aut,
1317 3178 1352 3243 id
1375 3179 1460 3264 quod

334 3277 491 3361 praefero,
514 3274 653 3352 ἐπιδέες
675 3277 847 3359 legendum
871 3287 928 3342 est.

419 3378 450 3450 2)
478 3374 512 3436 in
534 3378 605 3437 tert.
627 3392 710 3455 pers.
733 3375 947 3457 plusquamp,
976 3375 1016 3439 ci.
1045 3394 1128 3458 quac
1154 3375 1188 3438 in
1216 3372 1343 3457 paragr.
1365 3376 1459 3457 prim.

334 3470 411 3536 dixi.
456 3471 616 3551 Exempla
637 3469 736 3536 affero
760 3469 911 3555 ἐγεγόνεε
934 3472 950 3535 Ι
976 3476 1024 3535 11.
1049 3477 1088 3536 74
1103 3474 1156 3553 ab,
1187 3469 1351 3556 ἐληλύθεε
1381 3474 1461 3536 179

216 3620 218 3624 ,
334 3568 361 3628 V
379 3571 418 3632 ts
434 3569 492 3648 al.;
515 3573 656 3631 ceterum
678 3567 721 3631 ad
736 3568 930 3633 Bredovinm
954 3574 995 3651 (p.
1012 3572 1086 3644 326)
1113 3570 1240 3651 ablega
1263 3569 1318 3651 qui
1340 3571 1458 3647 omnia,

333 3684 525 3746 quamquam
566 3683 652 3728 nova
688 3665 800 3745 Steinii
843 3665 984 3731 editione
1026 3668 1182 3731 nonnulla
1218 3672 1341 3730 mutata
1376 3673 1458 3746 sunt,

334 3779 453 3843 magna
473 3760 642 3842 diligentia
664 3763 804 3844 collegit.
848 3763 936 3826 Nihil
959 3763 1078 3827 referre
1098 3763 1235 3848 videtur,
1259 3770 1363 3826 utrum
1387 3782 1461 3827 con-

333 3877 413 3923 sona
435 3878 477 3921 an
499 3859 620 3923 vocalis
643 3881 677 3923 εε
701 3858 888 3938 antecedat3
914 3860 1029 3941 legitur
1051 3880 1130 3925 sane
1152 3855 1293 3944 ἀκηκόεε
1318 3859 1381 3924 VII
1397 3862 1460 3924 208

334 3953 415 4028 (cod.
440 3950 599 4039 ἠκηκόει,
629 3974 653 4018 s.
677 3950 819 4039 ἦκήκοε,
850 3956 939 4020 Suid.
963 3953 1101 4040 ἀκήκοε)
1130 3964 1165 4021 nt
1186 3957 1282 4022 etiam
1307 3956 1385 4021 V111
1408 3959 1458 4037 79,

273 4042 274 4048 ἵ
333 4072 403 4117 cum
433 4051 737 4134 plusquamperfecti
766 4053 852 4116 notio
881 4052 1069 4134 requiratur,
1100 4051 1293 4137 προακήκσε
1319 4052 1396 4134 jure
1417 4053 1458 4117 ab

333 4149 481 4214 omnibus
514 4147 556 4212 sit
588 4154 759 4231 mutatum,
794 4150 834 4214 de
866 4150 927 4213 hac
960 4150 1038 4233 peri.
1071 4146 1106 4215 'et
1138 4151 1390 4234 plusquamperi.
1424 4151 1456 4213 in

332 4245 495 4311 codicibus
517 4246 600 4309 inter
622 4264 657 4309 se
682 4246 857 4312 mutatione
879 4246 954 4311 vide
978 4247 1170 4314 Bredovinm
1192 4248 1213 4312 l.
1237 4248 1258 4310 l.
