3575 5334
330 690 395 751 354
825 688 972 743 Bechstein
1008 642 1017 657 ο

416 864 504 930 Haeo
534 869 607 929 sunt
636 862 767 926 nomina
793 882 856 926 non
885 860 931 925 ita
958 860 1075 940 multa,
1107 878 1188 940 quae
1216 858 1451 940 participiorum

331 963 488 1047 praebent
509 961 648 1043 speeiem
671 979 692 1022 a
713 959 820 1025 verbis
843 959 1013 1041 primitivis
1036 957 1212 1022 ductorum.

332 1204 362 1265 2.
377 1197 683 1264 Denominibus
700 1216 828 1279 praes.
845 1196 1158 1279 partieipiornm
1177 1194 1452 1260 derivatorum

643 1295 823 1375 speeiem
847 1294 1152 1375 praebentibus.

418 1448 457 1513 In
480 1449 668 1529 quaestione
690 1447 731 1512 de
753 1446 804 1511 his
819 1446 1001 1511 nominibus
1016 1445 1215 1510 instituenda
1236 1445 1375 1527 primum
1393 1443 1453 1525 qui-

333 1546 406 1611 dem
430 1544 507 1627 quid
535 1545 612 1609 insit
644 1544 765 1627 proprii
793 1544 867 1608 huie
894 1543 1055 1608 formandi
1077 1543 1193 1607 rationi
1216 1549 1365 1607 aeeurate
1387 1562 1452 1607 eon·

332 1644 498 1709 stituturus
526 1662 605 1708 sum.
650 1640 742 1720 Quod
772 1641 880 1706 neseio
903 1661 946 1705 an
968 1641 1059 1705 nulla
1087 1660 1122 1705 re
1150 1639 1205 1704 fiat
1227 1640 1345 1704 odarius
1366 1640 1453 1704 intel-

334 1741 426 1817 lectu,
450 1759 545 1820 quam
568 1739 674 1803 verbis
697 1738 761 1802 illis
784 1736 944 1820 Gorsseni,
969 1738 1022 1819 qui
1046 1738 1132 1810 (krit.
1156 1737 1249 1802 beitr.
1271 1758 1303 1819 p.
1320 1740 1394 1810 339)
1417 1737 1453 1800 de

332 1836 515 1902 nominibus
536 1836 570 1899 in
592 1835 676 1908 -ali-,
699 1836 789 1908 ·nrr‘·,
813 1837 924 1908 ·orio-,
948 1846 1032 1898 -oto-
1055 1842 1109 1900 ott.
1135 1838 1182 1910 (ut
1203 1835 1332 1907 ruralis,
1355 1836 1452 1915 sinqu-

332 1936 411 1997 Ioris
433 1934 488 2008 al.)
511 1934 591 1998 haee
613 1933 713 1998 verba
734 1932 825 1997 facit:

420 2032 484 2108 „Es
501 2031 642 2095 versteht
664 2031 742 2112 siah,
767 2029 841 2095 dass
861 2028 913 2096 die
936 2030 1018 2095 eben
1037 2030 1280 2112 besproebenen
1303 2027 1454 2092 nominal-

332 2129 505 2210 endungen
527 2128 584 2191 mit
608 2126 680 2192 dem
701 2129 821 2209 langen
845 2149 863 2189 o
885 2128 920 2192 in
944 2127 1000 2191 der
1022 2128 1156 2210 spraohe
1179 2126 1245 2191 sieb
1269 2126 1454 2210 emanoipirt

332 2227 439 2292 haben
468 2225 534 2289 und
563 2224 794 2307 selbststandig
824 2225 890 2289 und
919 2226 1127 2308 unabhangig
1155 2244 1219 2288 von
1246 2224 1369 2288 verben
1402 2222 1454 2286 der

332 2321 603 2405 a-oonjugation,
631 2321 733 2387 ihrem
763 2322 978 2403 eigentliohen
1001 2322 1228 2401 mutterstook‚
1257 2321 1453 2402 autgetreten

332 2419 421 2502 sind,
453 2418 483 2482 d.
506 2420 538 2483 h.
562 2418 618 2482 mit
640 2419 782 2484 anderen
804 2426 942 2485 werten:
968 2410 1149 2484 zahlreiob‘e
1173 2417 1380 2482 wortformen
1404 2416 1455 2481 der

332 2524 383 2581 art
412 2515 484 2581 sind
507 2517 591 2581 nach
623 2515 679 2581 der
701 2516 852 2598 analogio
880 2516 999 2582 bereits
1021 2516 1246 2580 verbandener
1274 2515 1333 2578 mit
1356 2514 1454 2598 jenen

332 2612 468 2685 suffimen
500 2612 645 2695 gebildet
676 2612 824 2691 worden,
857 2615 943 2679 ohne
976 2613 1051 2679 dass
1083 2614 1182 2678 ibnen
1212 2612 1375 2696 Jedesmal
1406 2612 1452 2677 ein

331 2710 625 2792 gleiohstammiges
636 2707 767 2773 verbum
788 2710 846 2776 der
864 2712 1117 2793 a-oonjugatiou
1134 2710 1338 2793 vorberging.
1373 2710 1453 2773 Aber

249 2806 253 2812 ’
332 2808 380 2873 sie
402 2806 510 2871 haben
532 2805 642 2871 solohe
665 2807 879 2889 „wenigstens
901 2809 1019 2874 ideell“
1042 2830 1097 2873 zur
1114 2813 1374 2889 voraussetzung,
1396 2807 1454 2871 vvie

332 2924 368 2969 es
389 2904 462 2968 Pott
484 2901 668 2985 ausdrdokt‚
694 2903 804 2968 indem
827 2924 948 2970 ervom
971 2905 1034 2971 den
1054 2904 1229 2987 bildungen
1252 2905 1451 2973 comaclo-tus,

335 3010 534 3063 coron-odas
556 3021 586 3064 u.
608 3021 637 3064 a.
661 3000 782 3083 sprioht
810 3003 859 3079 (Ε.
884 3003 919 3066 F.
943 3002 986 3083 ΙΙ,
1013 3007 1093 3067 1015
1117 3007 1146 3067 2.
1170 3002 1271 3082 aad),
1302 3002 1452 3067 wahrend

334 3099 426 3182 Ropp
449 3097 615 3164 dieselben
642 3098 819 3179 gleichsam
841 3119 902 3163 nur
930 3100 1199 3182 naobahmungen
1226 3100 1283 3165 der
1305 3120 1370 3163 von
1394 3099 1452 3163 den

331 3195 452 3261 verben
496 3195 553 3261 der
592 3202 696 3259 ersten
735 3195 941 3277 conjugation
980 3197 1253 3280 ontspringenden
1293 3199 1453 3262 abstracta

331 3293 567 3375 neunt(ve1·gl.
589 3312 636 3374 gr.
659 3293 718 3373 III,
742 3294 911 3372 4282111).ις

416 3389 498 3454 Inde
520 3389 726 3472 intellegitur,
750 3392 782 3454 in
807 3411 844 3456 eo
867 3392 950 3457 verti
972 3393 1202 3474 quaestionem,
1226 3412 1360 3477 quorum
1377 3413 1452 3476 por·

333 3488 512 3568 tiozpiorum
542 3507 585 3546 eso
613 3486 759 3570 analogio
788 3508 849 3550 ono
879 3492 971 3572 quusi
986 3488 1199 3570 formationis
1225 3488 1331 3572 prado
1360 3492 1452 3552 obter-

330 3584 434 3666 posito
457 3582 512 3644 illu
534 3586 658 3645 aomina
669 3583 821 3666 formata
842 3587 914 3648 sint.

417 3679 506 3750 Haeo
533 3679 691 3745 formandi
718 3682 799 3747 ratio
829 3682 917 3748 haud
938 3704 1010 3748 raro
1033 3685 1190 3767 reperitur
1211 3705 1277 3749 non
1298 3684 1401 3750 solum
1423 3684 1451 3747 in

331 3777 433 3841 latino
456 3797 612 3857 sermone,
635 3778 693 3844 sed
716 3780 813 3845 etiam
835 3780 869 3845 in
891 3781 964 3846 aliis
983 3781 1103 3865 linguis
1125 3801 1230 3864 neque
1246 3781 1378 3848 difficile
1399 3788 1451 3858 est

332 3892 483 3955 magnum
513 3876 731 3958 exemplorum
761 3898 926 3943 numerum
953 3880 1078 3945 afferre.
1122 3878 1261 3957 Quorum
1290 3880 1363 3946 vioe
1389 3880 1452 3944 fun·

332 3976 449 4052 gantur
471 3970 533 4035 duo
556 3977 681 4036 tantum
703 3975 872 4040 verborum
894 3996 1023 4059 genera.
1383 4002 1385 4006 ’

333 4119 536 4130 -——-.-—

331 4213 334 4217 -
400 4183 429 4247 10)
452 4183 492 4237 cf.
519 4184 600 4238 etiam
626 4200 695 4253 quae
719 4186 783 4241 dicit
806 4187 879 4253 (krit.
904 4188 981 4243 beitr.
1005 4192 1064 4253 517)
1088 4186 1122 4241 de
1143 4185 1285 4254 adjectivis
1314 4187 1344 4241 in
1368 4148 1449 4247 -atoa

331 4263 423 4329 -etus,
443 4263 525 4327 otus,
545 4270 629 4319 -otaa
