3575 5334
721 726 754 780 de
772 726 887 781 dialecto
905 726 1062 781 herodotea.

542 898 668 963 Manet:
797 918 837 963 ex
859 923 917 983 ηεε
976 897 1092 985 fitusr

812 1032 829 1041 -
864 1019 919 1059 osc
985 1032 1001 1041 —
1035 1020 1088 1061 οει

693 1117 778 1158 οιεει
814 1132 831 1142 -
864 1117 936 1158 oeae
985 1130 1002 1139 -
1037 1117 1091 1158 car

816 1230 832 1239 -
866 1214 930 1254 ιεει
986 1226 1004 1236 -
1036 1214 1082 1255 ter

695 1312 748 1352 ccc
815 1311 923 1352 -esu
987 1311 1077 1352 -sa

590 1467 592 1471 Ι
693 1408 754 1449 υεα
812 1424 829 1433 -
863 1409 936 1449 εεαι
987 1424 1003 1434 -
1036 1409 1092 1450 eae

804 1487 832 1560 (-
865 1506 952 1547 ιεεαι
986 1520 1002 1528 -
1036 1490 1084 1568 ιῃ)

814 1616 831 1626 ·
865 1604 920 1645 aso
986 1619 1002 1629 -
1036 1604 1072 1644 ac

695 1701 753 1742 ιεω
815 1718 831 1727 -
866 1702 930 1742 εεω
985 1715 1001 1724 -
1035 1702 1081 1743 sco

694 1798 760 1839 υεω

693 1895 759 1936 οεω

815 1997 831 2006 -
865 1981 938 2042 orsu
984 1995 1001 2004 -

814 2094 830 2103 -
864 2078 951 2119 οιεοι
985 2094 1001 2102 -

611 2590 807 2669 CAPUT
836 2593 1176 2671 SECUNDUM.

641 2797 643 2801 Α
691 2760 742 2813 DE
761 2760 932 2817 cPRIORE
950 2761 1093 2817 vocam.

855 2919 875 2997 a
901 2922 928 2982 1.

413 3051 509 3115 Iones
546 3052 573 3116 si
610 3052 750 3117 omnium
784 3059 961 3117 ceterorum
984 3053 1189 3118 ‘Graecorum
1226 3053 1488 3124 consuetudine.

330 3148 523 3214 amantiores
552 3149 811 3232 conjunctionum
833 3149 1058 3214 vocaliciarum
1079 3148 1230 3227 luissent,
1260 3150 1330 3214 sine
1358 3149 1456 3214 dubio

329 3243 361 3309 in
384 3247 430 3311 eis
453 3245 612 3311 vocalium
635 3247 912 3326 cumulationibus,
940 3247 973 3310 in
996 3245 1111 3327 quibus
1133 3246 1155 3309 ἄ
1176 3245 1282 3327 priore
1303 3246 1374 3310 loco
1397 3253 1455 3328 sst,

330 3361 393 3407 non
423 3342 633 3408 offendissent
661 3364 766 3427 neque
795 3344 997 3409 dubitassent
1025 3339 1064 3407 ds
1095 3338 1151 3408 ἇει
1181 3338 1374 3406 dodorim
1398 3340 1456 3408 ἇοι

331 3434 379 3502 dur
408 3436 471 3503 ἇου
501 3440 716 3522 pronuntiare.
762 3440 860 3524 Cujus
888 3442 936 3505 rei
963 3439 1155 3506 contrarium
1177 3439 1294 3505 lactum
1318 3459 1389 3505 esse
1409 3440 1456 3504 vi-

330 3535 452 3618 demus,
475 3543 510 3600 ut
532 3545 663 3621 propter
677 3540 797 3603 clamm
811 3559 936 3619 sonum,
960 3538 1013 3619 qui
1028 3538 1111 3602 inter
1131 3538 1261 3603 vocales
1282 3538 1456 3603 maximam

330 3633 559 3717 pronuntiandi
589 3655 720 3719 operam
749 3636 897 3719 requirit,
927 3658 949 3698 α
977 3654 1049 3699 cum
1079 3634 1226 3717 sequenti
1255 3636 1359 3700 vocali
1382 3655 1455 3700 con-

327 3730 473 3813 junctum
488 3731 619 3798 Ionibus
634 3733 893 3799 molestissimum
909 3732 1008 3797 fuisse
1022 3730 1213 3797 concludere
1226 3732 1342 3797 liceat.
1371 3733 1456 3802 Duo-

330 3828 387 3895 bus
417 3829 504 3894 enim
533 3829 636 3895 modis
665 3831 746 3896 tales
768 3830 929 3894 vocalium
958 3849 1129 3895 concursus
1152 3849 1262 3895 omnes
1290 3829 1455 3895 nonnullis

330 3927 495 3992 vocabulis
525 3928 682 4010 exeeptis,
712 3928 745 3991 in
775 3927 889 4008 quibus
916 3933 1025 3992 tamen
1054 3946 1109 3991 cur
1130 3927 1226 3992 lones
1247 3928 1294 3992 ita
1321 3926 1455 4007 egerint,

326 4024 434 4089 adhuc
463 4023 674 4090 demonstrari
702 4030 822 4108 potest,
856 4023 1016 4089 evitantur
1043 4030 1099 4087 aut
1126 4022 1343 4089 contractione
1370 4022 1457 4085 laeta

332 4128 384 4185 aut
406 4145 427 4184 c
450 4121 555 4185 vocali
577 4120 611 4183 in
635 4145 649 4185 a
673 4128 804 4185 mutato.
848 4121 961 4200 Itaque
989 4138 1060 4183 cum
1089 4119 1177 4201 apud
1199 4118 1372 4182 Homerum
1400 4117 1454 4182 vel

333 4216 505 4283 Hesiodum
527 4215 654 4302 γήραος
676 4223 712 4281 Χ
733 4221 783 4299 60,
815 4216 921 4282 δέπαϊ
945 4220 976 4279 Ψ
1000 4218 1071 4295 196,
1100 4212 1229 4299 γεράων
1250 4213 1357 4294 theog.
1380 4215 1453 4295 393,

335 4312 461 4399 κρεάων
483 4315 514 4378 h.
537 4316 633 4379 Mero.
659 4320 718 4380 130
746 4334 811 4378 non
840 4313 886 4379 ita
907 4334 979 4378 raro
1002 4312 1201 4394 reperiantur
1222 4326 1327 4390 neque
1349 4309 1456 4373 minus
