3575 5334
553 715 586 769 de
604 714 720 770 dialecto
737 716 830 770 Attica
846 716 1000 772 vetustiore.
1035 717 1070 771 II.
1132 792 1134 795 .
1310 716 1371 778 429

249 907 317 954 rem
353 886 414 952 sibi
443 885 575 951 linxisse
600 884 736 951 videtur.
786 892 894 953 tamen
924 887 1087 955 Atthidem
1122 899 1155 955 et
1182 888 1295 955 ladem
1324 910 1373 955 ar·

249 986 330 1051 tiore
358 983 497 1066 quodam
525 983 654 1049 vinculo
683 984 767 1048 inter
796 1003 832 1049 se
861 985 1046 1050 coniunctas
1075 1006 1146 1071 esse
1174 1006 1216 1053 ne
1245 993 1378 1053 veteres¹

249 1081 377 1165 quidem
405 1080 496 1162 fugit.
544 1080 659 1146 Strabo
688 1081 773 1147 enim
804 1081 892 1164 VIII,
924 1088 949 1163 l,
975 1095 990 1144 2
1018 1088 1061 1166 (p.
1084 1087 1156 1161 333)
1186 1083 1277 1150 dicit:
1313 1084 1372 1169 τὴν

249 1179 308 1259 μὲν
338 1172 425 1241 Ἰάδα
452 1178 492 1262 τῇ
524 1176 654 1243 νταλαιᾶ
677 1170 815 1241 Ἀτθίδι
842 1174 900 1260 τὴν
928 1171 1028 1262 αὐτήν
1060 1198 1184 1263 φαμεν·
1223 1180 1278 1245 καὶ
1309 1181 1371 1266 γὰρ

243 1271 349 1351 'imbec
372 1273 546 1339 ἐκαλοῦντο
570 1273 602 1338 οἱ
624 1272 700 1339 τότε
717 1267 879 1352 Ἀττικοί,
909 1276 962 1339 καὶ
993 1274 1121 1341 ἐκεῖθέν
1146 1276 1229 1342 εἰσιν
1252 1278 1286 1343 οἱ
1312 1278 1371 1363 τὴν

245 1365 362 1437 Ἀσίαν
393 1368 630 1454 λντοικήοαντες
656 1366 764 1447 Ἴωνες
797 1372 850 1435 καὶ
884 1370 1084 1454 χρησάμενοι
1113 1376 1154 1458 ’τῇ
1191 1377 1246 1440 νῦν
1280 1376 1371 1459 λεγο-

248 1473 328 1554 μένῃ
357 1466 484 1553 γλώττῃ
510 1460 597 1533 Ἰάδι.
642 1488 777 1550 quocum
802 1469 961 1535 consentit
988 1473 1214 1553 grammaticus
1235 1473 1371 1541 Leiden-

248 1569 292 1634 sis
317 1568 340 1631 l.
362 1567 383 1631 l.
407 1570 485 1633 628:
514 1562 575 1643 Ἱάς
601 1564 672 1630 ἐστι
698 1564 876 1642 διάλεκτος,
900 1554 921 1649 ᾗ
945 1571 1114 1648 κέχρηνται
1129 1565 1245 1646 Ἴωνες.
1282 1570 1371 1637 δοκεῖ

250 1666 286 1730 δὲ
315 1657 435 1746 ἀρχαία
464 1656 549 1728 εἶναι
567 1656 688 1739 Licea
717 1668 771 1741 (ex
800 1664 982 1731 coniectura
1004 1666 1121 1731 Koenii
1149 1687 1207 1750 pro
1236 1662 1370 1747 αὐτοῖς).

249 1771 281 1831 et
296 1762 434 1828 Atticum
457 1781 646 1843 sermonem,
670 1781 741 1827 cum
756 1762 867 1828 crebro
882 1781 941 1827 usu
959 1762 1121 1827 literarum
1138 1770 1170 1829 et
1184 1769 1372 1833 commercio

248 1862 344 1927 totius
360 1859 515 1926 Graeciae
536 1858 690 1942 paulatim
713 1865 887 1924 mutaretur
909 1865 942 1925 et
964 1859 1168 1942 expoliretur,
1195 1882 1216 1926 a
1237 1865 1373 1945 pristina

248 1958 453 2042 simplicitate
486 1977 552 2021 non
584 1975 721 2039 paucum
750 1956 922 2022 secessisse
953 1955 1018 2020 iam
1046 1956 1371 2044 Pseudo-Xenophon

248 2056 311 2135 „de
337 2076 373 2122 re
399 2055 530 2138 publica
551 2051 815 2119 Atheniensium“
844 2053 1019 2136 intellexit,
1049 2072 1119 2118 cum
1149 2056 1195 2137 II,
1221 2060 1240 2123 8
1270 2058 1372 2123 dicat:

249 2150 362 2239 φωνὴν
385 2158 498 2216 ντᾶοαν
522 2146 695 2225 ἀκούοντες
711 2148 896 2227 ἐξελέξαντο
920 2143 1168 2235 (οἱἈθηναῑοι)
1191 2154 1288 2219 τοῦτο
1311 2154 1370 2235 μὲν

249 2247 282 2316 ἐκ
304 2251 361 2334 τῆς
383 2249 482 2313 τοῦτο
506 2247 543 2312 δὲ
565 2246 598 2312 ἐκ
620 2248 686 2331 τῆς.
717 2248 770 2311 καλ
786 2241 937 2332 Ἕλληνες
960 2246 1029 2333 ἰδίᾳ
1051 2250 1175 2330 μᾶλλον
1198 2248 1254 2314 καὶ
1276 2254 1370 2337 φωνῇ

247 2348 301 2413 καὶ
326 2346 435 2432 διαίτῃ
458 2344 513 2411 καὶ
537 2343 678 2430 σχήματι
699 2344 851 2426 χρῶνται,
872 2342 1056 2431 Ἀθηναῖοι
1078 2345 1115 2412 δὲ
1136 2352 1313 2433 κεκραμένη
1337 2348 1373 2426 ἒξ

248 2440 405 2510 ἁπάντων
435 2444 500 2507 τῶν
521 2437 676 2526 Ἑλλήνιον
705 2445 757 2507 καὶ
787 2440 973 2525 βαρβάρων.
1018 2443 1076 2511 sed
1105 2445 1217 2510 harum
1245 2452 1371 2511 senten·

246 2544 363 2608 tiarum
391 2542 508 2608 finibus
535 2547 680 2607 veterum
702 2541 842 2623 cognitio
868 2540 911 2607 de
932 2548 998 2607 toto
1021 2542 1081 2607 hoc
1102 2562 1221 2625 genere
1242 2543 1372 2607 circum-

248 2640 366 2724 scripta
380 2639 478 2706 fuisse
493 2640 628 2706 videtur.
659 2645 776 2705 etcum
796 2638 829 2702 in
852 2639 1033 2704 uuiversum
1050 2639 1221 2705 denatura
1242 2640 1371 2722 linguae

247 2758 341 2805 nemo
364 2757 477 2803 sanam
499 2736 641 2819 aliquam
657 2737 840 2819 opinionem
862 2735 1006 2818 haberet,
1029 2756 1071 2802 ne
1089 2737 1220 2803 dialecti
1243 2736 1371 2820 quidem

248 2837 392 2919 Graecae
426 2855 489 2918 qua
517 2835 639 2900 ratione
667 2834 751 2899 inter
778 2852 814 2898 se
843 2834 1052 2900 cohaererent
1078 2834 1225 2917 intellegi
1258 2834 1370 2917 potuit.

246 2934 386 3001 maxime
409 2939 515 2999 autem
538 2930 677 2996 Atthidis
706 2936 738 2995 et
760 2929 847 2995 ladis
875 2931 1022 3013 cognatio
1045 2937 1207 3014 tamquam
1230 2931 1372 2997 tenebris

247 3032 360 3097 obruta
382 3029 457 3110 luit,
487 3028 530 3093 ad
553 3048 631 3111 quas
661 3026 855 3092 disiciendas
877 3027 974 3093 etiam
997 3029 1207 3093 recentiorum
1229 3035 1369 3093 aetatum

246 3129 306 3195 viri
329 3126 414 3194 docti
444 3127 500 3191 vix
530 3123 704 3208 quidquam
731 3122 940 3189 memorabile
966 3124 1177 3188 contulerunt.
1220 3125 1370 3207 namqui

246 3226 398 3291 inrebus
420 3223 637 3306 grammaticis
659 3221 872 3300 elaborarunt,
901 3226 956 3284 aut
977 3239 1108 3303 prorsus
1129 3221 1171 3285 ab
1193 3221 1255 3285 hac
1277 3240 1371 3303 quae·

246 3322 350 3390 stione
372 3341 407 3387 se
429 3319 667 3398 abstinuerunt,
694 3318 778 3401 quod
800 3318 884 3382 inter
905 3316 987 3382 alios
1009 3317 1165 3383 Henricus
1189 3318 1371 3400 Stephanus

245 3420 338 3500 fecit,
368 3438 438 3483 cum
460 3416 494 3481 iu
516 3416 678 3499 prooemio
706 3412 1040 3490 ,animadversionum
1062 3414 1096 3478 in
1118 3415 1217 3480 libros
1239 3415 1371 3480 Ioannis

246 3514 447 3599 grammatici
469 3521 501 3579 et
523 3512 666 3578 Corinthi
689 3511 730 3576 de
753 3511 920 3577 dialectis“
946 3512 1057 3575 horum
1079 3512 1316 3593 neglegentiam
1339 3517 1372 3576 et

248 3612 462 3697 ignorantiam
493 3630 559 3676 non
587 3606 744 3672 immerito
772 3608 985 3691 improbaret,
1018 3610 1089 3691 ipse
1117 3615 1225 3673 autem
1258 3614 1371 3691 postea

247 3710 329 3775 nihil
352 3708 442 3774 aliud
464 3708 526 3773 nisi
548 3705 713 3772 materiam
728 3704 769 3768 ab
786 3704 832 3770 eis
850 3705 999 3771 collatam
1022 3706 1074 3770 hic
1095 3705 1162 3769 illic
1184 3704 1371 3770 emendaret

248 3814 280 3871 et
301 3812 450 3888 augeret,
482 3810 537 3870 aut
557 3803 715 3887 putabant
737 3821 772 3867 se
793 3804 872 3893 satis
894 3803 1023 3883 iecisse,
1046 3803 1073 3867 si
1095 3801 1268 3867 dialectum
1290 3801 1372 3865 Atti-

248 3924 318 3970 cam
341 3923 381 3969 ex
404 3902 577 3968 vetustiore
592 3900 701 3964 Ionica
719 3904 820 3963 ortam
844 3919 917 3966 esse
939 3901 1081 3967 dicerent
1103 3899 1236 3965 adiectis
1258 3897 1371 3981 paucis

247 4001 356 4065 verbIs
378 3998 420 4064 de
441 3998 614 4081 asperitate
639 3995 699 4062 soli
722 3995 835 4075 Attici,
866 3996 907 4062 de
934 3996 1098 4063 vicinitate
1120 3996 1310 4062 Boeotorum
1340 4002 1372 4059 et

249 4096 498 4180 Megarensium,
530 4094 668 4175 denique
690 4093 731 4159 de
752 4092 956 4159 multitudine
978 4094 1232 4176 peregrinorum,
1262 4092 1315 4173 qui
1337 4092 1371 4155 in

249 4193 410 4257 civitatem
437 4191 682 4257 Atheniensium
712 4188 923 4254 confluebant.
969 4189 1054 4271 quod
1083 4196 1115 4255 et
1144 4189 1371 4272 Bentleyus

248 4289 341 4369 fecit,
376 4308 447 4353 oum
477 4289 511 4353 in
540 4288 769 4370 ,responsione
799 4286 841 4351 ad
856 4306 1035 4351 censuram
1058 4286 1165 4350 Caroli
1188 4286 1309 4369 Boyle“
1337 4284 1372 4348 in
