<?xml version="1.0" encoding="UTF-8"?>
<!DOCTYPE html PUBLIC "-//W3C//DTD XHTML 1.0 Transitional//EN"
    "http://www.w3.org/TR/xhtml1/DTD/xhtml1-transitional.dtd">
<html xmlns="http://www.w3.org/1999/xhtml" xml:lang="en" lang="en">
 <head>
  <title>
</title>
<meta http-equiv="Content-Type" content="text/html;charset=utf-8" />
  <meta name='ocr-system' content='tesseract 3.04.00' />
  <meta name='ocr-capabilities' content='ocr_page ocr_carea ocr_par ocr_line ocrx_word'/>
</head>
<body>
  <div class='ocr_page' id='page_1' title='image "./studienzurgriec00curtgoog_0038.png"; bbox 0 0 3575 5334; ppageno 0'>
   <div class='ocr_carea' id='block_1_1' title="bbox 422 670 1044 732">
    <p class='ocr_par' dir='ltr' id='par_1_1' title="bbox 422 670 1044 732">
     <span class='ocr_line' id='line_1_1' title="bbox 422 670 1044 732; baseline 0 -1"><span class='ocrx_word' id='word_1_1' title='bbox 422 670 464 732; x_wconf 78' lang='lat'>28</span> <span class='ocrx_word' id='word_1_2' title='bbox 944 677 1044 732; x_wconf 85' lang='lat' dir='ltr'>Clemm</span> 
     </span>
    </p>
   </div>
   <div class='ocr_carea' id='block_1_2' title="bbox 413 845 1592 4333">
    <p class='ocr_par' dir='ltr' id='par_1_2' title="bbox 422 845 1592 1322">
     <span class='ocr_line' id='line_1_2' title="bbox 422 845 1551 933; baseline 0.001 -21"><span class='ocrx_word' id='word_1_3' title='bbox 422 847 618 931; x_wconf 85' lang='lat' dir='ltr'>significatur</span> <span class='ocrx_word' id='word_1_4' title='bbox 639 854 714 913; x_wconf 89' lang='lat' dir='ltr'>ante</span> <span class='ocrx_word' id='word_1_5' title='bbox 735 848 878 914; x_wconf 78' lang='lat' dir='ltr'>adfuisse</span> <span class='ocrx_word' id='word_1_6' title='bbox 900 847 1071 930; x_wconf 74' lang='lat' dir='ltr'>indicetur,</span> <span class='ocrx_word' id='word_1_7' title='bbox 1095 849 1141 914; x_wconf 90' lang='lat' dir='ltr'>sic</span> <span class='ocrx_word' id='word_1_8' title='bbox 1156 845 1324 930; x_wconf 78' lang='grc' dir='ltr'><em>ἀπότιμος</em></span> <span class='ocrx_word' id='word_1_9' title='bbox 1346 848 1433 933; x_wconf 90' lang='lat' dir='ltr'>apud</span> <span class='ocrx_word' id='word_1_10' title='bbox 1449 849 1551 933; x_wconf 88' lang='lat' dir='ltr'>Sopb.</span> 
     </span>
     <span class='ocr_line' id='line_1_3' title="bbox 423 943 1551 1027; baseline 0.002 -16"><span class='ocrx_word' id='word_1_11' title='bbox 423 952 472 1011; x_wconf 89' lang='lat' dir='ltr'>est</span> <span class='ocrx_word' id='word_1_12' title='bbox 495 946 549 1027; x_wconf 91' lang='lat' dir='ltr'>qui</span> <span class='ocrx_word' id='word_1_13' title='bbox 570 951 710 1010; x_wconf 89' lang='lat' dir='ltr'>remotus</span> <span class='ocrx_word' id='word_1_14' title='bbox 733 946 774 1010; x_wconf 90' lang='lat' dir='ltr'>ab</span> <span class='ocrx_word' id='word_1_15' title='bbox 806 946 943 1027; x_wconf 86' lang='lat' dir='ltr'>honore,</span> <span class='ocrx_word' id='word_1_16' title='bbox 973 943 1141 1022; x_wconf 77' lang='grc' dir='ltr'><strong><em>ἀπόσιτος</em></strong></span> <span class='ocrx_word' id='word_1_17' title='bbox 1163 948 1206 1027; x_wconf 91' lang='lat' dir='ltr'>is,</span> <span class='ocrx_word' id='word_1_18' title='bbox 1235 947 1285 1011; x_wconf 88' lang='lat' dir='ltr'>cui</span> <span class='ocrx_word' id='word_1_19' title='bbox 1314 946 1479 1012; x_wconf 89' lang='lat' dir='ltr'>detractus</span> <span class='ocrx_word' id='word_1_20' title='bbox 1502 954 1551 1013; x_wconf 90' lang='lat' dir='ltr'>est</span> 
     </span>
     <span class='ocr_line' id='line_1_4' title="bbox 423 1042 1592 1127; baseline 0.001 -19"><span class='ocrx_word' id='word_1_21' title='bbox 423 1044 522 1109; x_wconf 90' lang='lat' dir='ltr'>cibus.</span> <span class='ocrx_word' id='word_1_22' title='bbox 568 1042 685 1109; x_wconf 91' lang='lat' dir='ltr'>Verum</span> <span class='ocrx_word' id='word_1_23' title='bbox 714 1043 776 1108; x_wconf 92' lang='lat' dir='ltr'>hoc</span> <span class='ocrx_word' id='word_1_24' title='bbox 804 1043 975 1109; x_wconf 79' lang='lat' dir='ltr'><strong>discrimen</strong></span> <span class='ocrx_word' id='word_1_25' title='bbox 1004 1043 1053 1107; x_wconf 93' lang='lat' dir='ltr'>vir</span> <span class='ocrx_word' id='word_1_26' title='bbox 1080 1063 1221 1109; x_wconf 91' lang='lat' dir='ltr'>summus</span> <span class='ocrx_word' id='word_1_27' title='bbox 1251 1044 1400 1109; x_wconf 89' lang='lat' dir='ltr'>subtilius</span> <span class='ocrx_word' id='word_1_28' title='bbox 1423 1044 1550 1127; x_wconf 86' lang='lat' dir='ltr'>excogi-</span> <span class='ocrx_word' id='word_1_29' title='bbox 1589 1110 1592 1116; x_wconf 81' lang='grc'><strong>,</strong></span> 
     </span>
     <span class='ocr_line' id='line_1_5' title="bbox 423 1140 1548 1224; baseline 0.004 -20"><span class='ocrx_word' id='word_1_30' title='bbox 423 1141 503 1206; x_wconf 89' lang='lat' dir='ltr'>tavit</span> <span class='ocrx_word' id='word_1_31' title='bbox 524 1160 619 1223; x_wconf 91' lang='lat' dir='ltr'>quam</span> <span class='ocrx_word' id='word_1_32' title='bbox 634 1141 751 1220; x_wconf 89' lang='lat' dir='ltr'>verius,</span> <span class='ocrx_word' id='word_1_33' title='bbox 774 1148 901 1208; x_wconf 88' lang='lat' dir='ltr'>veteres</span> <span class='ocrx_word' id='word_1_34' title='bbox 916 1147 1032 1220; x_wconf 91' lang='lat' dir='ltr'>autem,</span> <span class='ocrx_word' id='word_1_35' title='bbox 1055 1140 1130 1206; x_wconf 90' lang='lat' dir='ltr'>licet</span> <span class='ocrx_word' id='word_1_36' title='bbox 1145 1143 1244 1206; x_wconf 88' lang='lat' dir='ltr'>multo</span> <span class='ocrx_word' id='word_1_37' title='bbox 1259 1160 1356 1224; x_wconf 90' lang='lat' dir='ltr'>saepe</span> <span class='ocrx_word' id='word_1_38' title='bbox 1378 1142 1548 1208; x_wconf 82' lang='lat' dir='ltr'>subtiliora</span> 
     </span>
     <span class='ocr_line' id='line_1_6' title="bbox 422 1237 1183 1322; baseline -0.004 -18"><span class='ocrx_word' id='word_1_39' title='bbox 422 1237 592 1305; x_wconf 81' lang='lat' dir='ltr'>commenti</span> <span class='ocrx_word' id='word_1_40' title='bbox 615 1237 688 1318; x_wconf 89' lang='lat' dir='ltr'>sint,</span> <span class='ocrx_word' id='word_1_41' title='bbox 711 1237 793 1302; x_wconf 90' lang='lat' dir='ltr'>nihil</span> <span class='ocrx_word' id='word_1_42' title='bbox 816 1239 976 1322; x_wconf 88' lang='lat' dir='ltr'>ejusmodi</span> <span class='ocrx_word' id='word_1_43' title='bbox 997 1238 1183 1303; x_wconf 91' lang='lat' dir='ltr'>docuerunt.</span> 
     </span>
    </p>

    <p class='ocr_par' dir='ltr' id='par_1_3' title="bbox 413 1335 1546 4235">
     <span class='ocr_line' id='line_1_7' title="bbox 507 1335 1546 1418; baseline 0.001 -19"><span class='ocrx_word' id='word_1_44' title='bbox 507 1335 597 1414; x_wconf 79' lang='lat' dir='ltr'>Quae</span> <span class='ocrx_word' id='word_1_45' title='bbox 633 1335 741 1399; x_wconf 88' lang='lat' dir='ltr'>omnia</span> <span class='ocrx_word' id='word_1_46' title='bbox 777 1336 889 1418; x_wconf 54' lang='lat' dir='ltr'>longe,</span> <span class='ocrx_word' id='word_1_47' title='bbox 909 1337 1003 1400; x_wconf 88' lang='lat' dir='ltr'>aliter</span> <span class='ocrx_word' id='word_1_48' title='bbox 1039 1336 1245 1417; x_wconf 80' lang='lat' dir='ltr'>cecidissent,</span> <span class='ocrx_word' id='word_1_49' title='bbox 1282 1336 1309 1400; x_wconf 94' lang='lat' dir='ltr'>si</span> <span class='ocrx_word' id='word_1_50' title='bbox 1345 1336 1546 1418; x_wconf 82' lang='lat' dir='ltr'>grammatici</span> 
     </span>
     <span class='ocr_line' id='line_1_8' title="bbox 422 1432 1545 1515; baseline -0.002 -16"><span class='ocrx_word' id='word_1_51' title='bbox 422 1433 537 1499; x_wconf 84' lang='lat' dir='ltr'>Graeci</span> <span class='ocrx_word' id='word_1_52' title='bbox 577 1450 617 1496; x_wconf 90' lang='lat' dir='ltr'>ea</span> <span class='ocrx_word' id='word_1_53' title='bbox 653 1432 898 1498; x_wconf 81' lang='lat' dir='ltr'>ratiocinatione</span> <span class='ocrx_word' id='word_1_54' title='bbox 936 1440 1034 1514; x_wconf 90' lang='lat' dir='ltr'>atque</span> <span class='ocrx_word' id='word_1_55' title='bbox 1072 1432 1113 1497; x_wconf 88' lang='lat' dir='ltr'>iis</span> <span class='ocrx_word' id='word_1_56' title='bbox 1151 1432 1302 1498; x_wconf 89' lang='lat' dir='ltr'>subsidiis</span> <span class='ocrx_word' id='word_1_57' title='bbox 1338 1433 1386 1497; x_wconf 92' lang='lat' dir='ltr'>usi</span> <span class='ocrx_word' id='word_1_58' title='bbox 1427 1441 1545 1515; x_wconf 86' lang='lat' dir='ltr'>essent,</span> 
     </span>
     <span class='ocr_line' id='line_1_9' title="bbox 422 1528 1546 1612; baseline -0.001 -17"><span class='ocrx_word' id='word_1_59' title='bbox 422 1531 536 1612; x_wconf 90' lang='lat' dir='ltr'>quibus</span> <span class='ocrx_word' id='word_1_60' title='bbox 558 1528 660 1593; x_wconf 88' lang='lat' dir='ltr'>Indici</span> <span class='ocrx_word' id='word_1_61' title='bbox 684 1530 828 1611; x_wconf 81' lang='lat' dir='ltr'>collegae</span> <span class='ocrx_word' id='word_1_62' title='bbox 848 1530 992 1596; x_wconf 85' lang='lat' dir='ltr'>instructi</span> <span class='ocrx_word' id='word_1_63' title='bbox 1008 1530 1051 1595; x_wconf 92' lang='lat' dir='ltr'>ad</span> <span class='ocrx_word' id='word_1_64' title='bbox 1067 1530 1202 1596; x_wconf 89' lang='lat' dir='ltr'>eandem</span> <span class='ocrx_word' id='word_1_65' title='bbox 1218 1530 1385 1595; x_wconf 85' lang='lat' dir='ltr'>materiam</span> <span class='ocrx_word' id='word_1_66' title='bbox 1407 1536 1546 1595; x_wconf 86' lang='lat' dir='ltr'>tractan-</span> 
     </span>
     <span class='ocr_line' id='line_1_10' title="bbox 422 1625 1546 1709; baseline 0.004 -20"><span class='ocrx_word' id='word_1_67' title='bbox 422 1625 496 1691; x_wconf 88' lang='lat' dir='ltr'>dam</span> <span class='ocrx_word' id='word_1_68' title='bbox 518 1634 730 1691; x_wconf 88' lang='lat' dir='ltr'>accesserunt.</span> <span class='ocrx_word' id='word_1_69' title='bbox 775 1626 864 1691; x_wconf 89' lang='lat' dir='ltr'>Nihil</span> <span class='ocrx_word' id='word_1_70' title='bbox 887 1627 971 1692; x_wconf 93' lang='lat' dir='ltr'>enim</span> <span class='ocrx_word' id='word_1_71' title='bbox 995 1628 1082 1691; x_wconf 90' lang='lat' dir='ltr'>aliud</span> <span class='ocrx_word' id='word_1_72' title='bbox 1106 1627 1139 1691; x_wconf 94' lang='lat' dir='ltr'>bi</span> <span class='ocrx_word' id='word_1_73' title='bbox 1165 1648 1204 1689; x_wconf 87' lang='lat' dir='ltr'>un</span> <span class='ocrx_word' id='word_1_74' title='bbox 1232 1626 1374 1709; x_wconf 88' lang='lat' dir='ltr'>praefixo</span> <span class='ocrx_word' id='word_1_75' title='bbox 1399 1627 1546 1693; x_wconf 87' lang='lat' dir='ltr'>denotari</span> 
     </span>
     <span class='ocr_line' id='line_1_11' title="bbox 422 1723 1546 1807; baseline 0.001 -19"><span class='ocrx_word' id='word_1_76' title='bbox 422 1723 649 1789; x_wconf 84' lang='lat' dir='ltr'>existimabant</span> <span class='ocrx_word' id='word_1_77' title='bbox 677 1743 772 1805; x_wconf 91' lang='lat' dir='ltr'>quam</span> <span class='ocrx_word' id='word_1_78' title='bbox 801 1724 916 1790; x_wconf 89' lang='lat' dir='ltr'>abesse</span> <span class='ocrx_word' id='word_1_79' title='bbox 943 1724 992 1804; x_wconf 90' lang='lat' dir='ltr'>id,</span> <span class='ocrx_word' id='word_1_80' title='bbox 1019 1724 1104 1807; x_wconf 90' lang='lat' dir='ltr'>quod</span> <span class='ocrx_word' id='word_1_81' title='bbox 1132 1724 1306 1807; x_wconf 93' lang='lat' dir='ltr'>pedisequo</span> <span class='ocrx_word' id='word_1_82' title='bbox 1335 1724 1468 1790; x_wconf 91' lang='lat' dir='ltr'>nomine</span> <span class='ocrx_word' id='word_1_83' title='bbox 1494 1745 1546 1791; x_wconf 91' lang='lat' dir='ltr'>ex-</span> 
     </span>
     <span class='ocr_line' id='line_1_12' title="bbox 422 1817 1544 1905; baseline 0.003 -21"><span class='ocrx_word' id='word_1_84' title='bbox 422 1822 626 1905; x_wconf 88' lang='lat' dir='ltr'>primeretur:</span> <span class='ocrx_word' id='word_1_85' title='bbox 664 1817 839 1898; x_wconf 78' lang='grc' dir='ltr'><em>ἀθάνατος</em></span> <span class='ocrx_word' id='word_1_86' title='bbox 868 1843 933 1887; x_wconf 94' lang='lat' dir='ltr'>non</span> <span class='ocrx_word' id='word_1_87' title='bbox 962 1829 1011 1890; x_wconf 92' lang='lat' dir='ltr'>est</span> <span class='ocrx_word' id='word_1_88' title='bbox 1040 1827 1142 1885; x_wconf 92' lang='lat' dir='ltr'>morte</span> <span class='ocrx_word' id='word_1_89' title='bbox 1174 1822 1319 1904; x_wconf 90' lang='lat' dir='ltr'>privatus</span> <span class='ocrx_word' id='word_1_90' title='bbox 1347 1821 1405 1887; x_wconf 89' lang='lat' dir='ltr'>sed</span> <span class='ocrx_word' id='word_1_91' title='bbox 1433 1842 1454 1885; x_wconf 89' lang='lat' dir='ltr'>a</span> <span class='ocrx_word' id='word_1_92' title='bbox 1484 1842 1544 1904; x_wconf 94' lang='lat' dir='ltr'>quo</span> 
     </span>
     <span class='ocr_line' id='line_1_13' title="bbox 421 1918 1542 2002; baseline 0.001 -20"><span class='ocrx_word' id='word_1_93' title='bbox 421 1938 506 1983; x_wconf 88' lang='lat' dir='ltr'>mors</span> <span class='ocrx_word' id='word_1_94' title='bbox 521 1918 629 1998; x_wconf 90' lang='lat' dir='ltr'>abest,</span> <span class='ocrx_word' id='word_1_95' title='bbox 652 1918 703 1999; x_wconf 94' lang='lat' dir='ltr'>qui</span> <span class='ocrx_word' id='word_1_96' title='bbox 719 1938 784 1982; x_wconf 92' lang='lat' dir='ltr'>non</span> <span class='ocrx_word' id='word_1_97' title='bbox 800 1921 942 1984; x_wconf 86' lang='lat' dir='ltr'>moritur.</span> <span class='ocrx_word' id='word_1_98' title='bbox 973 1919 1066 1998; x_wconf 81' lang='lat' dir='ltr'>Quod</span> <span class='ocrx_word' id='word_1_99' title='bbox 1082 1920 1160 1984; x_wconf 88' lang='lat' dir='ltr'>scite</span> <span class='ocrx_word' id='word_1_100' title='bbox 1176 1919 1352 2002; x_wconf 85' lang='lat' dir='ltr'>Benleyns,</span> <span class='ocrx_word' id='word_1_101' title='bbox 1375 1918 1451 1983; x_wconf 89' lang='lat' dir='ltr'>hist.</span> <span class='ocrx_word' id='word_1_102' title='bbox 1466 1920 1542 2001; x_wconf 94' lang='lat' dir='ltr'>ling.</span> 
     </span>
     <span class='ocr_line' id='line_1_14' title="bbox 422 2014 1544 2098; baseline 0 -19"><span class='ocrx_word' id='word_1_103' title='bbox 422 2016 532 2080; x_wconf 90' lang='lat' dir='ltr'>scient.</span> <span class='ocrx_word' id='word_1_104' title='bbox 554 2036 585 2097; x_wconf 93' lang='lat' dir='ltr'>p.</span> <span class='ocrx_word' id='word_1_105' title='bbox 605 2016 674 2090; x_wconf 72' lang='lat'>128,</span> <span class='ocrx_word' id='word_1_106' title='bbox 686 2014 821 2080; x_wconf 88' lang='lat' dir='ltr'>adnotat</span> <span class='ocrx_word' id='word_1_107' title='bbox 842 2036 884 2082; x_wconf 92' lang='lat' dir='ltr'>ne</span> <span class='ocrx_word' id='word_1_108' title='bbox 907 2016 991 2081; x_wconf 89' lang='lat' dir='ltr'>hanc</span> <span class='ocrx_word' id='word_1_109' title='bbox 1011 2016 1139 2098; x_wconf 92' lang='lat' dir='ltr'>quidem</span> <span class='ocrx_word' id='word_1_110' title='bbox 1163 2015 1426 2098; x_wconf 89' lang='lat' dir='ltr'>significationem</span> <span class='ocrx_word' id='word_1_111' title='bbox 1442 2016 1544 2081; x_wconf 90' lang='lat' dir='ltr'>videri</span> 
     </span>
     <span class='ocr_line' id='line_1_15' title="bbox 421 2111 1541 2195; baseline 0.003 -20"><span class='ocrx_word' id='word_1_112' title='bbox 421 2112 615 2194; x_wconf 85' lang='lat' dir='ltr'>primitivam</span> <span class='ocrx_word' id='word_1_113' title='bbox 632 2112 689 2177; x_wconf 87' lang='lat' dir='ltr'>sed</span> <span class='ocrx_word' id='word_1_114' title='bbox 712 2112 975 2195; x_wconf 85' lang='lat' dir='ltr'>proficiscendum</span> <span class='ocrx_word' id='word_1_115' title='bbox 992 2133 1063 2178; x_wconf 87' lang='lat' dir='ltr'>esse</span> <span class='ocrx_word' id='word_1_116' title='bbox 1078 2135 1098 2177; x_wconf 89' lang='lat' dir='ltr'>a</span> <span class='ocrx_word' id='word_1_117' title='bbox 1112 2113 1243 2178; x_wconf 89' lang='lat' dir='ltr'>notione</span> <span class='ocrx_word' id='word_1_118' title='bbox 1265 2111 1541 2192; x_wconf 86' lang='lat' dir='ltr'>dissimilitudinis,</span> 
     </span>
     <span class='ocr_line' id='line_1_16' title="bbox 421 2209 1543 2292; baseline 0 -19"><span class='ocrx_word' id='word_1_119' title='bbox 421 2211 454 2275; x_wconf 92' lang='lat' dir='ltr'>id</span> <span class='ocrx_word' id='word_1_120' title='bbox 470 2210 547 2274; x_wconf 90' lang='lat' dir='ltr'>mibi</span> <span class='ocrx_word' id='word_1_121' title='bbox 564 2230 690 2292; x_wconf 91' lang='lat' dir='ltr'>quoque</span> <span class='ocrx_word' id='word_1_122' title='bbox 704 2211 801 2276; x_wconf 89' lang='lat' dir='ltr'>valde</span> <span class='ocrx_word' id='word_1_123' title='bbox 822 2211 953 2289; x_wconf 86' lang='lat' dir='ltr'>arridet,</span> <span class='ocrx_word' id='word_1_124' title='bbox 976 2211 1033 2276; x_wconf 90' lang='lat' dir='ltr'>sed</span> <span class='ocrx_word' id='word_1_125' title='bbox 1049 2230 1089 2275; x_wconf 91' lang='lat' dir='ltr'>ea</span> <span class='ocrx_word' id='word_1_126' title='bbox 1103 2209 1247 2291; x_wconf 88' lang='lat' dir='ltr'>quaestio</span> <span class='ocrx_word' id='word_1_127' title='bbox 1262 2210 1362 2274; x_wconf 93' lang='lat' dir='ltr'>multo</span> <span class='ocrx_word' id='word_1_128' title='bbox 1385 2210 1543 2275; x_wconf 82' lang='lat' dir='ltr'>difficilior</span> 
     </span>
     <span class='ocr_line' id='line_1_17' title="bbox 421 2306 1540 2390; baseline -0.002 -17"><span class='ocrx_word' id='word_1_129' title='bbox 421 2314 484 2387; x_wconf 89' lang='lat' dir='ltr'>est,</span> <span class='ocrx_word' id='word_1_130' title='bbox 515 2327 609 2390; x_wconf 89' lang='lat' dir='ltr'>quarn</span> <span class='ocrx_word' id='word_1_131' title='bbox 633 2316 667 2373; x_wconf 93' lang='lat' dir='ltr'>ut</span> <span class='ocrx_word' id='word_1_132' title='bbox 689 2309 840 2374; x_wconf 91' lang='lat' dir='ltr'>hocloco</span> <span class='ocrx_word' id='word_1_133' title='bbox 864 2308 994 2372; x_wconf 93' lang='lat' dir='ltr'>omnino</span> <span class='ocrx_word' id='word_1_134' title='bbox 1022 2308 1144 2373; x_wconf 90' lang='lat' dir='ltr'>institui</span> <span class='ocrx_word' id='word_1_135' title='bbox 1173 2307 1275 2389; x_wconf 90' lang='lat' dir='ltr'>possit</span> <span class='ocrx_word' id='word_1_136' title='bbox 1296 2326 1337 2371; x_wconf 92' lang='lat' dir='ltr'>ne</span> <span class='ocrx_word' id='word_1_137' title='bbox 1360 2306 1465 2372; x_wconf 90' lang='lat' dir='ltr'>dicam</span> <span class='ocrx_word' id='word_1_138' title='bbox 1488 2308 1540 2371; x_wconf 89' lang='lat' dir='ltr'>ab·</span> 
     </span>
     <span class='ocr_line' id='line_1_18' title="bbox 420 2404 1541 2485; baseline -0.001 -16"><span class='ocrx_word' id='word_1_139' title='bbox 420 2405 511 2470; x_wconf 90' lang='lat' dir='ltr'>solvi.</span> <span class='ocrx_word' id='word_1_140' title='bbox 550 2406 788 2471; x_wconf 90' lang='lat' dir='ltr'>Meminerimus</span> <span class='ocrx_word' id='word_1_141' title='bbox 809 2406 905 2472; x_wconf 93' lang='lat' dir='ltr'>modo</span> <span class='ocrx_word' id='word_1_142' title='bbox 928 2405 1024 2467; x_wconf 91' lang='lat' dir='ltr'>-id</span> <span class='ocrx_word' id='word_1_143' title='bbox 1047 2405 1132 2485; x_wconf 88' lang='lat' dir='ltr'>quod</span> <span class='ocrx_word' id='word_1_144' title='bbox 1155 2423 1265 2469; x_wconf 90' lang='lat' dir='ltr'>omnes</span> <span class='ocrx_word' id='word_1_145' title='bbox 1286 2404 1354 2469; x_wconf 84' lang='lat' dir='ltr'>iere</span> <span class='ocrx_word' id='word_1_146' title='bbox 1376 2404 1437 2468; x_wconf 91' lang='lat' dir='ltr'>viri</span> <span class='ocrx_word' id='word_1_147' title='bbox 1460 2404 1541 2468; x_wconf 90' lang='lat' dir='ltr'>docti</span> 
     </span>
     <span class='ocr_line' id='line_1_19' title="bbox 420 2501 1540 2585; baseline -0.002 -19"><span class='ocrx_word' id='word_1_148' title='bbox 420 2522 505 2566; x_wconf 91' lang='lat' dir='ltr'>nunc</span> <span class='ocrx_word' id='word_1_149' title='bbox 528 2508 670 2567; x_wconf 91' lang='lat' dir='ltr'>statuunt</span> <span class='ocrx_word' id='word_1_150' title='bbox 685 2539 726 2549; x_wconf 89' lang='lat'>-</span> <span class='ocrx_word' id='word_1_151' title='bbox 741 2503 866 2567; x_wconf 91' lang='lat' dir='ltr'>radices</span> <span class='ocrx_word' id='word_1_152' title='bbox 887 2502 1127 2585; x_wconf 89' lang='lat' dir='ltr'>pronominales</span> <span class='ocrx_word' id='word_1_153' title='bbox 1142 2521 1212 2566; x_wconf 91' lang='lat' dir='ltr'>cnm</span> <span class='ocrx_word' id='word_1_154' title='bbox 1234 2501 1377 2584; x_wconf 82' lang='lat' dir='ltr'>gestibus</span> <span class='ocrx_word' id='word_1_155' title='bbox 1393 2502 1434 2566; x_wconf 91' lang='lat' dir='ltr'>ab</span> <span class='ocrx_word' id='word_1_156' title='bbox 1451 2501 1540 2566; x_wconf 91' lang='lat' dir='ltr'>initio</span> 
     </span>
     <span class='ocr_line' id='line_1_20' title="bbox 419 2597 1541 2681; baseline -0.001 -19"><span class='ocrx_word' id='word_1_157' title='bbox 419 2599 644 2681; x_wconf 89' lang='lat' dir='ltr'>pronuntiatas</span> <span class='ocrx_word' id='word_1_158' title='bbox 659 2619 740 2678; x_wconf 86' lang='lat' dir='ltr'>esse,</span> <span class='ocrx_word' id='word_1_159' title='bbox 763 2600 996 2681; x_wconf 86' lang='lat' dir='ltr'>intellegemus,</span> <span class='ocrx_word' id='word_1_160' title='bbox 1020 2598 1179 2680; x_wconf 92' lang='lat' dir='ltr'>quomodo</span> <span class='ocrx_word' id='word_1_161' title='bbox 1194 2618 1233 2662; x_wconf 88' lang='lat' dir='ltr'>ea</span> <span class='ocrx_word' id='word_1_162' title='bbox 1251 2598 1357 2681; x_wconf 83' lang='lat' dir='ltr'>stirps,</span> <span class='ocrx_word' id='word_1_163' title='bbox 1380 2618 1445 2680; x_wconf 88' lang='lat' dir='ltr'>qua</span> <span class='ocrx_word' id='word_1_164' title='bbox 1467 2597 1541 2680; x_wconf 90' lang='lat' dir='ltr'>quid</span> 
     </span>
     <span class='ocr_line' id='line_1_21' title="bbox 420 2694 1541 2779; baseline 0 -20"><span class='ocrx_word' id='word_1_165' title='bbox 420 2694 535 2771; x_wconf 84' lang='lat' dir='ltr'>„aliter</span> <span class='ocrx_word' id='word_1_166' title='bbox 556 2700 798 2778; x_wconf 86' lang='lat' dir='ltr'>comparatum“</span> <span class='ocrx_word' id='word_1_167' title='bbox 821 2716 891 2761; x_wconf 88' lang='lat' dir='ltr'>esse</span> <span class='ocrx_word' id='word_1_168' title='bbox 913 2696 1042 2779; x_wconf 92' lang='lat' dir='ltr'>proprie</span> <span class='ocrx_word' id='word_1_169' title='bbox 1065 2696 1197 2779; x_wconf 86' lang='lat' dir='ltr'>dicatur,</span> <span class='ocrx_word' id='word_1_170' title='bbox 1226 2696 1320 2761; x_wconf 83' lang='lat' dir='ltr'>facile</span> <span class='ocrx_word' id='word_1_171' title='bbox 1342 2715 1471 2760; x_wconf 88' lang='lat' dir='ltr'>sensum</span> <span class='ocrx_word' id='word_1_172' title='bbox 1493 2716 1541 2759; x_wconf 88' lang='lat' dir='ltr'>as-</span> 
     </span>
     <span class='ocr_line' id='line_1_22' title="bbox 419 2791 1541 2876; baseline 0.001 -20"><span class='ocrx_word' id='word_1_173' title='bbox 419 2791 590 2875; x_wconf 90' lang='lat' dir='ltr'>sumpserit</span> <span class='ocrx_word' id='word_1_174' title='bbox 605 2812 693 2857; x_wconf 90' lang='lat' dir='ltr'>mere</span> <span class='ocrx_word' id='word_1_175' title='bbox 714 2793 909 2875; x_wconf 89' lang='lat' dir='ltr'>negativum.</span> <span class='ocrx_word' id='word_1_176' title='bbox 939 2796 1046 2875; x_wconf 88' lang='lat' dir='ltr'>Atque</span> <span class='ocrx_word' id='word_1_177' title='bbox 1068 2794 1110 2857; x_wconf 89' lang='lat' dir='ltr'>ab</span> <span class='ocrx_word' id='word_1_178' title='bbox 1124 2793 1215 2858; x_wconf 92' lang='lat' dir='ltr'>initio</span> <span class='ocrx_word' id='word_1_179' title='bbox 1231 2812 1357 2876; x_wconf 88' lang='lat' dir='ltr'>semper</span> <span class='ocrx_word' id='word_1_180' title='bbox 1371 2793 1541 2875; x_wconf 87' lang='lat' dir='ltr'>positivam</span> 
     </span>
     <span class='ocr_line' id='line_1_23' title="bbox 419 2888 1541 2975; baseline 0.004 -23"><span class='ocrx_word' id='word_1_181' title='bbox 419 2889 579 2955; x_wconf 92' lang='lat' dir='ltr'>notionem</span> <span class='ocrx_word' id='word_1_182' title='bbox 607 2888 747 2972; x_wconf 86' lang='lat' dir='ltr'>praefixo</span> <span class='ocrx_word' id='word_1_183' title='bbox 771 2896 877 2955; x_wconf 89' lang='lat' dir='ltr'>nostro</span> <span class='ocrx_word' id='word_1_184' title='bbox 900 2891 1088 2973; x_wconf 88' lang='lat' dir='ltr'>simpliciter</span> <span class='ocrx_word' id='word_1_185' title='bbox 1109 2897 1260 2973; x_wconf 88' lang='lat' dir='ltr'>negatam</span> <span class='ocrx_word' id='word_1_186' title='bbox 1286 2909 1358 2956; x_wconf 93' lang='lat' dir='ltr'>esse</span> <span class='ocrx_word' id='word_1_187' title='bbox 1381 2891 1541 2975; x_wconf 86' lang='lat' dir='ltr'>Benfeyus</span> 
     </span>
     <span class='ocr_line' id='line_1_24' title="bbox 421 2986 1541 3070; baseline 0.002 -19"><span class='ocrx_word' id='word_1_188' title='bbox 421 3006 461 3051; x_wconf 89' lang='lat' dir='ltr'>ex</span> <span class='ocrx_word' id='word_1_189' title='bbox 482 3006 541 3051; x_wconf 88' lang='lat' dir='ltr'>usu</span> <span class='ocrx_word' id='word_1_190' title='bbox 564 2986 783 3068; x_wconf 90' lang='lat' dir='ltr'>antiquissimo</span> <span class='ocrx_word' id='word_1_191' title='bbox 806 2988 937 3070; x_wconf 90' lang='lat' dir='ltr'>linguae</span> <span class='ocrx_word' id='word_1_192' title='bbox 951 2988 1135 3054; x_wconf 88' lang='lat' dir='ltr'>Sanscritae</span> <span class='ocrx_word' id='word_1_193' title='bbox 1157 2987 1296 3069; x_wconf 90' lang='lat' dir='ltr'>collegit,</span> <span class='ocrx_word' id='word_1_194' title='bbox 1319 2988 1408 3052; x_wconf 93' lang='lat' dir='ltr'>velut</span> <span class='ocrx_word' id='word_1_195' title='bbox 1427 3007 1541 3053; x_wconf 85' lang='lat' dir='ltr'>euom-</span> 
     </span>
     <span class='ocr_line' id='line_1_25' title="bbox 417 3083 1541 3169; baseline 0.002 -21"><span class='ocrx_word' id='word_1_196' title='bbox 417 3083 521 3168; x_wconf 90' lang='lat' dir='ltr'>posito</span> <span class='ocrx_word' id='word_1_197' title='bbox 554 3083 709 3149; x_wconf 89' lang='lat' dir='ltr'>vocabulo</span> <span class='ocrx_word' id='word_1_198' title='bbox 744 3106 860 3169; x_wconf 69' lang='lat' dir='ltr'>upupam</span> <span class='ocrx_word' id='word_1_199' title='bbox 893 3107 957 3151; x_wconf 94' lang='lat' dir='ltr'>non</span> <span class='ocrx_word' id='word_1_200' title='bbox 987 3105 1087 3166; x_wconf 89' lang='lat' dir='ltr'>equus</span> <span class='ocrx_word' id='word_1_201' title='bbox 1120 3085 1141 3149; x_wconf 89' lang='lat' dir='ltr'>i.</span> <span class='ocrx_word' id='word_1_202' title='bbox 1171 3104 1199 3150; x_wconf 91' lang='lat' dir='ltr'>c.</span> <span class='ocrx_word' id='word_1_203' title='bbox 1233 3104 1328 3149; x_wconf 91' lang='lat' dir='ltr'>omne</span> <span class='ocrx_word' id='word_1_204' title='bbox 1361 3085 1448 3166; x_wconf 92' lang='lat' dir='ltr'>quod</span> <span class='ocrx_word' id='word_1_205' title='bbox 1477 3107 1541 3150; x_wconf 93' lang='lat' dir='ltr'>non</span> 
     </span>
     <span class='ocr_line' id='line_1_26' title="bbox 418 3181 1541 3266; baseline 0 -19"><span class='ocrx_word' id='word_1_206' title='bbox 418 3181 460 3247; x_wconf 89' lang='lat' dir='ltr'>sit</span> <span class='ocrx_word' id='word_1_207' title='bbox 482 3200 582 3262; x_wconf 85' lang='lat' dir='ltr'>equus</span> <span class='ocrx_word' id='word_1_208' title='bbox 603 3183 640 3245; x_wconf 89' lang='lat' dir='ltr'>R.</span> <span class='ocrx_word' id='word_1_209' title='bbox 658 3182 695 3248; x_wconf 86' lang='lat' dir='ltr'>V.</span> <span class='ocrx_word' id='word_1_210' title='bbox 714 3186 783 3266; x_wconf 79' lang='lat'>152,</span> <span class='ocrx_word' id='word_1_211' title='bbox 801 3186 830 3264; x_wconf 84' lang='lat'>5,</span> <span class='ocrx_word' id='word_1_212' title='bbox 852 3183 908 3247; x_wconf 93' lang='lat' dir='ltr'>ubi</span> <span class='ocrx_word' id='word_1_213' title='bbox 930 3188 1038 3248; x_wconf 89' lang='lat' dir='ltr'>tamen</span> <span class='ocrx_word' id='word_1_214' title='bbox 1061 3181 1299 3247; x_wconf 84' lang='lat' dir='ltr'>Grassmanuus</span> <span class='ocrx_word' id='word_1_215' title='bbox 1320 3181 1354 3245; x_wconf 91' lang='lat' dir='ltr'>in</span> <span class='ocrx_word' id='word_1_216' title='bbox 1376 3182 1440 3247; x_wconf 88' lang='lat' dir='ltr'>lex.</span> <span class='ocrx_word' id='word_1_217' title='bbox 1461 3183 1541 3248; x_wconf 90' lang='lat' dir='ltr'>Ved.</span> 
     </span>
     <span class='ocr_line' id='line_1_27' title="bbox 418 3279 1541 3362; baseline 0.003 -20"><span class='ocrx_word' id='word_1_218' title='bbox 418 3300 448 3362; x_wconf 91' lang='lat' dir='ltr'>p.</span> <span class='ocrx_word' id='word_1_219' title='bbox 473 3283 512 3344; x_wconf 81' lang='lat'>53</span> <span class='ocrx_word' id='word_1_220' title='bbox 536 3280 646 3343; x_wconf 91' lang='lat' dir='ltr'>vertit:</span> <span class='ocrx_word' id='word_1_221' title='bbox 670 3280 740 3345; x_wconf 92' lang='lat' dir='ltr'>sine</span> <span class='ocrx_word' id='word_1_222' title='bbox 763 3279 862 3361; x_wconf 87' lang='lat' dir='ltr'>equis.</span> <span class='ocrx_word' id='word_1_223' title='bbox 907 3279 1003 3344; x_wconf 83' lang='lat' dir='ltr'>Talia</span> <span class='ocrx_word' id='word_1_224' title='bbox 1025 3280 1216 3362; x_wconf 88' lang='lat' dir='ltr'>composita,</span> <span class='ocrx_word' id='word_1_225' title='bbox 1247 3299 1329 3361; x_wconf 92' lang='lat' dir='ltr'>quae</span> <span class='ocrx_word' id='word_1_226' title='bbox 1351 3280 1541 3346; x_wconf 82' lang='lat' dir='ltr'>Aristoteles</span> 
     </span>
     <span class='ocr_line' id='line_1_28' title="bbox 417 3372 1540 3461; baseline 0.002 -20"><span class='ocrx_word' id='word_1_227' title='bbox 417 3376 441 3441; x_wconf 91' lang='lat' dir='ltr'>si</span> <span class='ocrx_word' id='word_1_228' title='bbox 465 3383 649 3457; x_wconf 88' lang='lat' dir='ltr'>cognosset,</span> <span class='ocrx_word' id='word_1_229' title='bbox 675 3372 817 3459; x_wconf 71' lang='lat' dir='ltr'>adprecor</span> <span class='ocrx_word' id='word_1_230' title='bbox 840 3376 989 3457; x_wconf 82' lang='lat' dir='ltr'>dixisset,</span> <span class='ocrx_word' id='word_1_231' title='bbox 1013 3376 1176 3461; x_wconf 81' lang='lat' dir='ltr'>Benleyus</span> <span class='ocrx_word' id='word_1_232' title='bbox 1203 3377 1306 3441; x_wconf 86' lang='lat' dir='ltr'>tacete</span> <span class='ocrx_word' id='word_1_233' title='bbox 1330 3396 1399 3440; x_wconf 89' lang='lat' dir='ltr'>oum</span> <span class='ocrx_word' id='word_1_234' title='bbox 1420 3376 1540 3459; x_wconf 89' lang='lat' dir='ltr'>jocosis</span> 
     </span>
     <span class='ocr_line' id='line_1_29' title="bbox 415 3472 1541 3556; baseline 0.002 -21"><span class='ocrx_word' id='word_1_235' title='bbox 415 3472 480 3537; x_wconf 93' lang='lat' dir='ltr'>illis</span> <span class='ocrx_word' id='word_1_236' title='bbox 509 3473 700 3553; x_wconf 89' lang='lat' dir='ltr'>aenigmatis</span> <span class='ocrx_word' id='word_1_237' title='bbox 728 3482 906 3556; x_wconf 90' lang='lat' dir='ltr'>comparat,</span> <span class='ocrx_word' id='word_1_238' title='bbox 937 3474 1107 3555; x_wconf 91' lang='lat' dir='ltr'>inquibus</span> <span class='ocrx_word' id='word_1_239' title='bbox 1135 3473 1188 3537; x_wconf 90' lang='lat' dir='ltr'>ubi</span> <span class='ocrx_word' id='word_1_240' title='bbox 1217 3480 1282 3537; x_wconf 91' lang='lat' dir='ltr'>tres</span> <span class='ocrx_word' id='word_1_241' title='bbox 1310 3473 1541 3539; x_wconf 91' lang='lat' dir='ltr'>adumbrantur</span> 
     </span>
     <span class='ocr_line' id='line_1_30' title="bbox 416 3570 1539 3654; baseline 0.002 -21"><span class='ocrx_word' id='word_1_242' title='bbox 416 3588 483 3648; x_wconf 89' lang='lat' dir='ltr'>res,</span> <span class='ocrx_word' id='word_1_243' title='bbox 518 3589 651 3650; x_wconf 87' lang='lat' dir='ltr'>quarum</span> <span class='ocrx_word' id='word_1_244' title='bbox 679 3570 770 3633; x_wconf 93' lang='lat' dir='ltr'>nulla</span> <span class='ocrx_word' id='word_1_245' title='bbox 798 3571 838 3633; x_wconf 93' lang='lat' dir='ltr'>sit</span> <span class='ocrx_word' id='word_1_246' title='bbox 866 3571 919 3635; x_wconf 90' lang='lat' dir='ltr'>vel</span> <span class='ocrx_word' id='word_1_247' title='bbox 948 3590 1021 3635; x_wconf 87' lang='lat' dir='ltr'>rosa</span> <span class='ocrx_word' id='word_1_248' title='bbox 1049 3572 1101 3636; x_wconf 89' lang='lat' dir='ltr'>vel</span> <span class='ocrx_word' id='word_1_249' title='bbox 1131 3571 1240 3654; x_wconf 89' lang='lat' dir='ltr'>spina,</span> <span class='ocrx_word' id='word_1_250' title='bbox 1275 3571 1448 3653; x_wconf 86' lang='lat' dir='ltr'>explicatio</span> <span class='ocrx_word' id='word_1_251' title='bbox 1477 3579 1539 3638; x_wconf 86' lang='lat' dir='ltr'>ost:</span> 
     </span>
     <span class='ocr_line' id='line_1_31' title="bbox 415 3665 1540 3749; baseline 0.003 -19"><span class='ocrx_word' id='word_1_252' title='bbox 415 3666 506 3730; x_wconf 92' lang='lat' dir='ltr'>nulla</span> <span class='ocrx_word' id='word_1_253' title='bbox 534 3687 608 3731; x_wconf 89' lang='lat' dir='ltr'>rosa</span> <span class='ocrx_word' id='word_1_254' title='bbox 635 3665 705 3731; x_wconf 91' lang='lat' dir='ltr'>sine</span> <span class='ocrx_word' id='word_1_255' title='bbox 733 3666 836 3748; x_wconf 90' lang='lat' dir='ltr'>spina.</span> <span class='ocrx_word' id='word_1_256' title='bbox 881 3666 960 3731; x_wconf 82' lang='lat' dir='ltr'>Cum</span> <span class='ocrx_word' id='word_1_257' title='bbox 988 3675 1095 3733; x_wconf 87' lang='lat' dir='ltr'>autem</span> <span class='ocrx_word' id='word_1_258' title='bbox 1123 3669 1157 3732; x_wconf 94' lang='lat' dir='ltr'>in</span> <span class='ocrx_word' id='word_1_259' title='bbox 1187 3667 1344 3749; x_wconf 87' lang='lat' dir='ltr'>ejusmodi</span> <span class='ocrx_word' id='word_1_260' title='bbox 1373 3668 1540 3733; x_wconf 88' lang='lat' dir='ltr'>vocabulis</span> 
     </span>
     <span class='ocr_line' id='line_1_32' title="bbox 416 3762 1540 3847; baseline 0.003 -20"><span class='ocrx_word' id='word_1_261' title='bbox 416 3782 503 3828; x_wconf 91' lang='lat' dir='ltr'>mere</span> <span class='ocrx_word' id='word_1_262' title='bbox 518 3763 679 3845; x_wconf 85' lang='lat' dir='ltr'>negativis</span> <span class='ocrx_word' id='word_1_263' title='bbox 703 3762 871 3845; x_wconf 90' lang='lat' dir='ltr'>unicuique</span> <span class='ocrx_word' id='word_1_264' title='bbox 893 3765 1082 3847; x_wconf 90' lang='lat' dir='ltr'>permissum</span> <span class='ocrx_word' id='word_1_265' title='bbox 1105 3768 1156 3846; x_wconf 91' lang='lat' dir='ltr'>sit,</span> <span class='ocrx_word' id='word_1_266' title='bbox 1180 3772 1214 3828; x_wconf 91' lang='lat' dir='ltr'>ut</span> <span class='ocrx_word' id='word_1_267' title='bbox 1237 3765 1447 3847; x_wconf 90' lang='lat' dir='ltr'>quodcunque</span> <span class='ocrx_word' id='word_1_268' title='bbox 1463 3766 1540 3830; x_wconf 92' lang='lat' dir='ltr'>velit</span> 
     </span>
     <span class='ocr_line' id='line_1_33' title="bbox 416 3860 1539 3944; baseline -0.001 -18"><span class='ocrx_word' id='word_1_269' title='bbox 416 3860 586 3944; x_wconf 86' lang='lat' dir='ltr'>positivum</span> <span class='ocrx_word' id='word_1_270' title='bbox 615 3862 807 3942; x_wconf 87' lang='lat' dir='ltr'>cogitatione</span> <span class='ocrx_word' id='word_1_271' title='bbox 836 3860 951 3942; x_wconf 88' lang='lat' dir='ltr'>fingat,</span> <span class='ocrx_word' id='word_1_272' title='bbox 981 3862 1184 3927; x_wconf 85' lang='lat' dir='ltr'>manifestum</span> <span class='ocrx_word' id='word_1_273' title='bbox 1208 3869 1256 3926; x_wconf 90' lang='lat' dir='ltr'>est</span> <span class='ocrx_word' id='word_1_274' title='bbox 1264 3910 1271 3941; x_wconf 93' lang='lat'>,</span> <span class='ocrx_word' id='word_1_275' title='bbox 1306 3881 1401 3942; x_wconf 88' lang='lat' dir='ltr'>quam</span> <span class='ocrx_word' id='word_1_276' title='bbox 1433 3862 1539 3927; x_wconf 92' lang='lat' dir='ltr'>multi-</span> 
     </span>
     <span class='ocr_line' id='line_1_34' title="bbox 414 3957 1538 4041; baseline 0.003 -20"><span class='ocrx_word' id='word_1_277' title='bbox 414 3958 530 4041; x_wconf 87' lang='lat' dir='ltr'>plicem</span> <span class='ocrx_word' id='word_1_278' title='bbox 553 3957 698 4039; x_wconf 89' lang='lat' dir='ltr'>fingendi</span> <span class='ocrx_word' id='word_1_279' title='bbox 720 3959 844 4041; x_wconf 87' lang='lat' dir='ltr'>copiam</span> <span class='ocrx_word' id='word_1_280' title='bbox 871 3958 953 4022; x_wconf 88' lang='lat' dir='ltr'>baec</span> <span class='ocrx_word' id='word_1_281' title='bbox 979 3959 1067 4024; x_wconf 89' lang='lat' dir='ltr'>rudis</span> <span class='ocrx_word' id='word_1_282' title='bbox 1089 3964 1186 4039; x_wconf 88' lang='lat' dir='ltr'>atque</span> <span class='ocrx_word' id='word_1_283' title='bbox 1207 3959 1329 4023; x_wconf 88' lang='lat' dir='ltr'>incerta</span> <span class='ocrx_word' id='word_1_284' title='bbox 1350 3960 1538 4041; x_wconf 89' lang='lat' dir='ltr'>compositio</span> 
     </span>
     <span class='ocr_line' id='line_1_35' title="bbox 415 4054 1539 4138; baseline 0.002 -19"><span class='ocrx_word' id='word_1_285' title='bbox 415 4054 613 4120; x_wconf 90' lang='lat' dir='ltr'>uberioribus</span> <span class='ocrx_word' id='word_1_286' title='bbox 640 4055 824 4137; x_wconf 88' lang='lat' dir='ltr'>praebuerit</span> <span class='ocrx_word' id='word_1_287' title='bbox 853 4055 1016 4120; x_wconf 90' lang='lat' dir='ltr'>hominum</span> <span class='ocrx_word' id='word_1_288' title='bbox 1045 4056 1194 4138; x_wconf 90' lang='lat' dir='ltr'>ingeniis.</span> <span class='ocrx_word' id='word_1_289' title='bbox 1239 4056 1349 4120; x_wconf 86' lang='lat' dir='ltr'>Liceat</span> <span class='ocrx_word' id='word_1_290' title='bbox 1378 4055 1440 4120; x_wconf 91' lang='lat' dir='ltr'>hoc</span> <span class='ocrx_word' id='word_1_291' title='bbox 1460 4076 1539 4121; x_wconf 94' lang='lat' dir='ltr'>non·</span> 
     </span>
     <span class='ocr_line' id='line_1_36' title="bbox 413 4147 979 4235; baseline 0 -20"><span class='ocrx_word' id='word_1_292' title='bbox 413 4151 513 4217; x_wconf 90' lang='lat' dir='ltr'>nullis</span> <span class='ocrx_word' id='word_1_293' title='bbox 534 4152 608 4218; x_wconf 90' lang='lat' dir='ltr'>aliis</span> <span class='ocrx_word' id='word_1_294' title='bbox 631 4154 786 4235; x_wconf 87' lang='lat' dir='ltr'>exemplis</span> <span class='ocrx_word' id='word_1_295' title='bbox 807 4147 979 4218; x_wconf 88' lang='lat' dir='ltr'>illustrare.</span> 
     </span>
    </p>

    <p class='ocr_par' dir='ltr' id='par_1_4' title="bbox 502 4248 1537 4333">
     <span class='ocr_line' id='line_1_37' title="bbox 502 4248 1537 4333; baseline 0.004 -22"><span class='ocrx_word' id='word_1_296' title='bbox 502 4248 595 4313; x_wconf 88' lang='lat' dir='ltr'>Varia</span> <span class='ocrx_word' id='word_1_297' title='bbox 617 4257 691 4314; x_wconf 90' lang='lat' dir='ltr'>suut</span> <span class='ocrx_word' id='word_1_298' title='bbox 712 4250 869 4314; x_wconf 90' lang='lat' dir='ltr'>vocabula</span> <span class='ocrx_word' id='word_1_299' title='bbox 892 4250 1064 4331; x_wconf 87' lang='lat' dir='ltr'>Sanscrita,</span> <span class='ocrx_word' id='word_1_300' title='bbox 1088 4270 1171 4332; x_wconf 88' lang='lat' dir='ltr'>qnae</span> <span class='ocrx_word' id='word_1_301' title='bbox 1193 4251 1255 4314; x_wconf 90' lang='lat' dir='ltr'>huo</span> <span class='ocrx_word' id='word_1_302' title='bbox 1277 4250 1440 4333; x_wconf 88' lang='lat' dir='ltr'>pertinent</span> <span class='ocrx_word' id='word_1_303' title='bbox 1462 4271 1537 4333; x_wconf 89' lang='lat' dir='ltr'>quo-</span> 
     </span>
    </p>
   </div>
   <div class='ocr_carea' id='block_1_3' title="bbox 0 0 1792 5334">
    <p class='ocr_par' dir='ltr' id='par_1_5' title="bbox 0 0 1792 5334">
     <span class='ocr_line' id='line_1_38' title="bbox 0 0 1792 5334; baseline 0 2"><span class='ocrx_word' id='word_1_304' title='bbox 0 0 1792 5334; x_wconf 95' lang='lat' dir='ltr'> </span> 
     </span>
    </p>
   </div>
  </div>
 </body>
</html>
