3575 5334
479 722 513 777 de
530 722 684 778 nominibus
702 721 861 777 suffixorum
879 730 936 776 ene·
954 729 982 777 et
999 724 1084 778 mireo·
1102 739 1154 792 ope
1170 723 1302 781 formatis.
1396 723 1458 785 369

332 917 364 980 p.
390 898 467 976 1563
498 895 589 960 boitr.
613 898 675 962 308
692 899 752 977 sq.)
774 902 898 977 censet,
928 915 992 977 qua
1009 896 1164 979 pol-lca,
1185 897 1317 979 put-ucis,
1338 900 1457 981 pol-co,

327 993 410 1075 puls,
440 1012 486 1074 gr.
511 989 601 1076 πάλη
624 999 678 1057 ctt.
706 992 756 1072 (ci.
781 994 876 1058 etiam
900 991 985 1057 Ourt.
1007 991 1157 1074 gruuda⁴
1179 996 1264 1071 289).
1309 994 1457 1061 Ceterum

333 1090 428 1173 hujus
450 1089 711 1155 voois'iormatio
732 1110 798 1155 nou
821 1090 900 1155 satis
922 1096 971 1156 est
992 1090 1162 1155 illustrata.

417 1197 541 1249 ocutus:
570 1186 677 1252 Curtio
698 1193 828 1252 auctore
850 1187 1012 1269 (gruuda.⁴
1034 1189 1108 1263 390)
1134 1206 1238 1269 praes.
1261 1194 1344 1271 part.
1367 1189 1458 1255 obso-

331 1286 431 1350 letum'
453 1304 472 1345 o
494 1284 599 1349 vocali
621 1283 750 1367 adjecta
770 1285 861 1350 verbi
883 1284 1049 1365 cujusdam
1072 1303 1131 1349 sor.
1154 1286 1255 1347 od-mi
1273 1285 1384 1370 (flare),
1410 1307 1457 1370 gr.

332 1377 493 1464 ddum-pc
513 1382 600 1446 idem
623 1381 778 1463 estquod
801 1388 866 1465 got.
888 1382 978 1443 vinds
999 1385 1050 1459 (st.
1072 1381 1204 1461 otrodo).

416 1479 525 1544 Unum
546 1485 648 1545 restat
669 1479 882 1563 adjectivum:

416 1587 562 1640 cruentus
590 1582 705 1659 (comp.
734 1578 944 1648 oto-cruentus,
973 1575 1191 1638 sub-maenius
1220 1577 1332 1660 Cels),
1366 1578 1459 1661 cujus

331 1675 461 1758 stirpem
491 1696 547 1736 cru
576 1674 713 1739 eandem
743 1694 814 1739 csse
842 1680 938 1755 atque
967 1673 1106 1739 nominis
1136 1695 1247 1737 cro-or
1275 1694 1369 1741 nemo
1398 1682 1457 1758 est,

331 1774 385 1855 qui
413 1779 520 1854 neget.
572 1772 695 1836 Eadem
724 1772 820 1854 stirps
849 1771 957 1837 inesse
984 1770 1111 1836 videtur
1139 1771 1305 1837 vocabulis
1333 1772 1458 1854 gracms

331 1867 487 1951 κρυ-μός,
525 1866 656 1951 κρύ-ος,
693 1866 870 1951 apo-spone.
924 1867 1053 1951 Optime
1086 1868 1208 1933 confert
1239 1869 1321 1933 Fiok
1360 1870 1456 1944 (Wtb.

330 1968 372 2049 1²,
396 1970 438 2031 49
454 1972 513 2049 sq.)
540 1965 607 2049 adj.
637 1967 694 2030 lat.
723 1975 869 2054 cruentos
897 1984 968 2030 cum
996 1973 1078 2049 part.
1108 1987 1155 2049 pr.
1178 1965 1227 2029 ad.
1250 1964 1384 2044 cumea
1413 1966 1457 2032 ad

330 2064 399 2130 rad.
422 2063 483 2126 loru
508 2062 664 2143 (tundore,
688 2062 827 2143 laedere,
851 2062 963 2127 rudem
986 2068 1069 2139 esse)
1090 2063 1281 2146 pertinente.

416 2169 444 2238 c)
468 2160 612 2226 Latentis
634 2159 765 2240 originis
788 2168 916 2225 exstant
937 2160 1033 2225 haec:

416 2267 596 2341 carpentum
620 2264 651 2322 et
675 2258 843 2340 pilentum,
874 2277 957 2341 quae
985 2257 1203 2323 vehiculorum
1231 2257 1362 2324 nomina
1389 2279 1455 2323 nou

331 2357 436 2421 minus
459 2374 500 2420 ex
523 2356 634 2438 lingua
655 2355 775 2437 gallica
796 2358 898 2439 petita
920 2376 991 2422 esse
1012 2376 1077 2421 nou
1100 2356 1256 2420 absonum
1279 2363 1337 2438 cst,
1360 2374 1456 2438 quam

331 2454 479 2525 essedum,
503 2454 636 2524 cociaco,
661 2453 749 2525 rodo,
773 2473 915 2524 curruca,
938 2453 1177 2537 peroraturus.

416 2554 448 2629 2)
482 2550 608 2615 Deinde
629 2549 753 2615 accedit
767 2558 885 2616 certum
898 2550 1061 2634 quoddam
1082 2570 1184 2635 genus
1198 2551 1362 2616 nominum
1384 2572 1456 2634 pro·

329 2650 471 2733 priorum
500 2646 631 2712 notione
659 2648 742 2713 inter
763 2667 798 2713 se
819 2649 1071 2731 conjunctorum.
1119 2649 1201 2714 Sunt
1223 2649 1308 2714 enim
1329 2649 1456 2713 urbium

329 2745 529 2830 quarundam
552 2745 684 2810 nomina
706 2744 819 2810 suffixo
841 2755 912 2809 coto
934 2767 955 2811 a
976 2747 1185 2812 substantivis
1207 2746 1361 2811 derivata.
1399 2746 1457 2811 Mi·

328 2844 413 2909 ranti
436 2842 547 2925 alicui,
577 2842 631 2924 qui
653 2841 720 2907 fieri
742 2842 814 2923 ssit‚
844 2849 878 2908 ut
900 2844 1004 2925 hpooc
1026 2843 1140 2908 suffixo
1163 2853 1251 2920 ento,
1281 2845 1366 2926 quod
1389 2844 1457 2926 qui·

331 2943 403 3008 dem
439 2961 510 3006 oum
539 2949 605 3001 cnt-
637 2940 671 3003 in
699 2939 876 3023 participiis
909 2941 1085 3006 formandis
1113 2947 1265 3022 usurpato
1297 2942 1456 3007 artissime

330 3040 510 3119 cohaereat,
533 3038 567 3101 iu
582 3038 707 3102 urbium
723 3038 854 3102 uomina
872 3036 1024 3119 fingenda
1038 3037 1229 3119 conteratur,
1251 3057 1353 3119 genus
1374 3037 1456 3103 illud

330 3135 600 3203 substantivorum
628 3136 662 3199 in
692 3144 771 3198 ctum
800 3133 853 3205 (de
881 3134 995 3216 quibus
1023 3134 1182 3216 quaesivit
1209 3133 1360 3200 Bondelld
1386 3135 1408 3199 l.
1433 3135 1454 3200 l.

329 3256 360 3317 p.
385 3238 426 3297 54
441 3240 500 3315 sq.)
522 3232 556 3297 iu
579 3232 764 3297 memoriam
786 3249 913 3295 revoco.

414 3330 504 3395 Haec
532 3330 616 3394 onim
645 3330 777 3393 nomina
804 3348 839 3393 re
866 3347 944 3393 vera
971 3334 1045 3394 sunt
1072 3333 1154 3411 part.
1177 3346 1262 3409 pass.
1285 3327 1454 3392 verborum

330 3430 362 3493 in
380 3440 433 3492 cre
447 3432 576 3512 praeter
593 3446 691 3490 unum
715 3427 838 3501 (virore,
861 3427 1003 3502 viretum)
1025 3445 1090 3491 non
1106 3424 1311 3491 exstantium.
1341 3424 1456 3506 Neque

401 3664 433 3725 ²¹)
452 3660 585 3715 Suffixum
603 3664 686 3724 cato,
704 3665 762 3713 -uto
780 3660 854 3714 haud
864 3676 927 3715 raro
944 3663 980 3716 ad
991 3661 1125 3717 vocabula
1142 3675 1176 3715 ex
1193 3660 1340 3730 peregrinis
1356 3658 1455 3727 linguis

332 3742 417 3811 potita
433 3740 577 3797 formanda
595 3740 743 3808 confertur,
761 3740 840 3808 cujus
860 3741 900 3794 rei
916 3743 1039 3811 exempla
1055 3743 1124 3797 haec
1141 3742 1212 3797 sint:

398 3834 528 3888 talentum
546 3860 581 3880 =
596 3848 635 3901 gr.
655 3833 790 3885 τάλαντον

398 3915 555 3970 vilibaatum
573 3940 606 3960 =
623 3930 661 3981 gr.
679 3914 796 3979 κιλλίβας
813 3916 846 3968 st.
864 3913 1014 3980 κιλλιβαντ-

399 3993 560 4065 clepdautus
577 4021 611 4040 ==
627 4009 667 4061 gr.
685 3992 784 4062 ἐλέφας
800 3998 832 4047 st.
852 3991 981 4063 ἐλεφαντ-

399 4076 578 4146 Apripeutum
596 4102 631 4119 =
647 4090 685 4141 gr.
701 4071 835 4141 Ἀκράγας
852 4079 886 4129 st.
901 4070 1061 4143 Ἀκραγαντ·

403 4154 548 4209 Tarentum
566 4181 599 4199 =
618 4169 656 4222 gr.
677 4152 767 4224 Τάρας
785 4160 819 4208 st.
839 4160 959 4222 Ταραντ-

393 4235 526 4306 pluceata
543 4260 577 4280 =
594 4249 633 4301 gr.
650 4234 768 4291 πλακοῦς
785 4240 818 4289 st.
836 4236 984 4286 πλακουντ-
1002 4250 1036 4290 ex
1053 4236 1207 4287 πλακο-εντ-

401 4314 545 4388 St'pomum
563 4342 598 4361 =
614 4329 653 4382 gr.
671 4318 774 4371 Σιποῦς
792 4321 827 4370 st.
845 4320 970 4367 Zenona

1199 4398 1251 4449 24*
