3575 5334
758 692 791 745 dc
808 692 890 762 alpha
907 694 1047 749 intensivo.
1424 684 1463 753 19

339 862 442 945 magis
457 864 623 946 magisque
638 863 672 926 iu
694 864 798 927 lucem
813 864 935 946 venire,
958 865 1085 929 similia.
1116 864 1210 929 Haud
1226 867 1335 948 procul
1352 868 1393 932 ab
1410 867 1461 933 his

339 966 450 1025 nostra
463 960 583 1026 absunt
596 961 697 1026 verba
710 960 752 1024 ab
767 962 816 1022 cia
832 967 864 1026 et
879 981 919 1022 on
940 961 1136 1044 incipientia,
1159 962 1274 1043 quibus
1288 970 1387 1029 antea
1402 965 1463 1029 La-

338 1059 407 1122 tina
429 1058 488 1122 illa
519 1058 749 1140 expressimus,
782 1057 810 1122 si
833 1056 962 1139 quidem
983 1059 1024 1124 iis
1046 1059 1336 1143 praepositionibus
1359 1067 1464 1143 pae'ne

339 1156 530 1239 synonymis
558 1154 639 1219 nihil
666 1154 756 1220 aliud
785 1174 953 1221 commune
975 1162 1024 1221 est
1050 1156 1113 1222 nisi
1141 1156 1325 1222 directionis
1351 1176 1464 1223 sensus

339 1272 452 1318 versus
483 1253 623 1333 aliquem
654 1252 760 1316 locum
791 1258 826 1316 ut
857 1251 1125 1336 ermotrompsco,
1158 1253 1374 1331 eiotroclrucn,
1408 1275 1464 1316 aa·

338 1349 517 1426 rckwcllea,
549 1348 730 1412 onwaclusca
762 1349 839 1414 alia.
883 1350 937 1415 Sic
969 1350 1119 1415 Latinum
1152 1353 1299 1414 insonare
1331 1351 1462 1415 verbum

338 1446 577 1512 intransitivum
599 1453 648 1512 est
669 1447 712 1511 ad
730 1446 928 1512 causativum
950 1454 1093 1513 nostmm
1109 1450 1299 1525 oorn'mmeo,
1322 1449 1464 1526 incitare,

339 1546 496 1621 invocare,
525 1542 656 1625 inferre,
689 1544 812 1607 intrare
834 1565 900 1609 nou
921 1545 1016 1609 aliter
1038 1545 1187 1610 dicuntur
1207 1565 1246 1610 ac
1267 1552 1377 1609 nostra
1399 1547 1464 1607 ciu-

340 1651 451 1719 trctcn,
481 1639 649 1722 cialooscra
680 1640 825 1723 corruscat,
856 1641 1025 1719 oatrcr‘bcn,
1054 1642 1130 1706 alia.
1175 1642 1339 1707 Nonnulla
1364 1643 1464 1707 verba

339 1740 458 1804 Latina
480 1738 577 1803 etiam
599 1737 705 1803 verbis
727 1756 798 1802 oum
828 1759 865 1799 cr·
878 1726 1132 1822 'praepositione
1153 1738 1338 1821 compositis
1359 1737 1464 1803 reddi-

340 1836 445 1901 dimus
476 1837 564 1901 velut
591 1834 766 1917 infrinperc
791 1834 977 1913 erbrccltcn,
1006 1837 1082 1917 quia
1102 1855 1143 1902 ca
1164 1855 1290 1918 quoque
1312 1835 1465 1917 quodam·

338 1934 434 1998 modo
468 1940 542 1997 sunt
575 1933 745 1998 intensiva.
805 1931 883 1996 Cum
917 1938 1024 1997 antem
1056 1953 1093 1995 cr
1123 1934 1165 1998 ab
1201 1933 1292 1998 initio
1325 1936 1368 2001 sit
1398 1956 1463 2015 uos,

338 2030 515 2097 rectissime
538 2029 664 2094 Curtius
692 2029 803 2093 horum
833 2029 1003 2094 verborum
1032 2023 1160 2096 sen'sum
1184 2049 1223 2095 ea
1248 2031 1464 2114 explicatione

340 2120 499 2212 explevit,
529 2147 592 2209 qna
619 2126 653 2189 in
681 2125 721 2190 iis
748 2126 832 2192 actio
856 2126 948 2208 quasi
977 2144 1017 2190 ex
1045 2128 1181 2210 pristino
1209 2128 1347 2209 quodam
1377 2136 1464 2195 statu

339 2225 444 2290 subito
477 2242 645 2306 erumpere
676 2223 800 2288 dicatur
833 2230 868 2287 nt
901 2224 935 2287 in
963 2222 1175 2289 intransitivis
1207 2223 1377 2307 erleltupcn,
1412 2248 1464 2288 er-

339 2321 490 2398 caelata,
513 2322 708 2402 erpra'mmco,
732 2318 946 2397 crachrcclccn,
969 2320 1138 2398 crstcrbcn,
1160 2321 1195 2384 in
1213 2320 1390 2388 transitivis
1412 2343 1463 2384 er-

339 2418 471 2494 menteo,
502 2417 651 2502 afiartae,
685 2402 825 2499 arrepunt,
859 2416 1030 2493 ortonnes,
1063 2417 1274 2495 crochlicssca,
1307 2419 1406 2502 plane
1426 2426 1463 2485 ut

338 2517 370 2580 in
393 2516 519 2580 Latinis
542 2513 679 2598 efficere,
709 2515 840 2588 cocor'ra
874 2517 1024 2593 ecrescere,
1053 2517 1188 2593 coolorc,
1217 2517 1359 2578 excitare
1379 2516 1462 2583 aliis.

340 2612 493 2678 Videmus
515 2612 609 2677 etiam
638 2611 673 2675 in
695 2610 812 2675 Latina
833 2611 945 2693 lingua
973 2612 1117 2679 diversas
1138 2614 1393 2697 praepositiones
1420 2614 1463 2679 ad

338 2710 500 2775 notionem
523 2709 716 2773 intensivum
739 2706 939 2773 efficiendam
961 2709 1123 2775 adhibitas
1145 2729 1226 2776 esse.

422 2806 512 2885 Quae
529 2806 569 2871 de
584 2806 690 2871 verbis
705 2806 800 2871 modo
816 2807 988 2872 observata
1002 2813 1085 2888 sunt,
1102 2827 1142 2872 ea
1157 2809 1253 2873 ctiam
1268 2807 1310 2873 de
1324 2808 1462 2873 nomini·

337 2906 398 2969 bus
419 2902 604 2986 compositis
618 2904 738 2983 valent,
762 2922 954 2985 quamquam
972 2904 1006 2969 in
1020 2904 1060 2969 iis
1075 2924 1106 2966 m
1128 2907 1258 2988 saepius
1279 2926 1338 2989 pro
1356 2903 1392 2970 ἐν
1415 2913 1464 2971 est

337 3010 373 3067 ut
386 3003 421 3065 in
437 3001 544 3065 multis
560 3000 744 3082 compositis
756 3000 887 3065 Graccis
902 3000 970 3065 sive
982 3001 1235 3066 determinativis
1247 3003 1316 3067 sive
1330 3001 1463 3067 attribu-

335 3099 412 3164 tivis
427 3098 469 3163 dc
484 3098 598 3179 quibus
613 3096 704 3161 (lust.
720 3097 868 3181 Meyerns
890 3098 924 3161 in
939 3097 1025 3163 (lurt.
1041 3098 1124 3163 stud.
1141 3098 1187 3162 VI
1205 3102 1266 3163 378
1289 3104 1395 3180 elego
1417 3100 1461 3163 ib.

337 3196 400 3261 VII
416 3199 456 3261 85
472 3214 518 3276 sq.
534 3193 750 3259 dissernimus.
786 3194 948 3276 Iopcoinm
969 3201 1019 3259 cst
1039 3195 1154 3259 innata
1175 3194 1326 3277 facoltas3
1348 3195 1461 3276 inquo

333 3302 446 3359 tamen
469 3291 617 3376 exemplo
640 3311 733 3357 nemo
756 3293 788 3353 io
809 3291 1002 3356 intensivum
1022 3292 1175 3373 agnoscit,
1198 3291 1257 3356 sed
1271 3291 1399 3373 insipnts
1413 3298 1462 3357 est

332 3392 373 3470 is,
389 3390 424 3453 in
440 3409 501 3470 quo
513 3389 607 3471 signa
621 3396 705 3469 sunt,
721 3389 775 3471 qui
789 3389 890 3471 signis
906 3390 1021 3455 ceteris
1035 3395 1187 3472 praestat,
1203 3389 1318 3469 clarus,
1334 3389 1462 3451 maanus

332 3494 386 3554 cst
400 3487 439 3566 is,
462 3488 496 3550 in
518 3505 580 3567 quo
603 3486 689 3551 oolor
711 3505 820 3566 canus,
845 3487 979 3552 canities
999 3494 1057 3552 est.
1086 3486 1156 3551 Hoc
1169 3485 1382 3568 adjectivum·
1398 3504 1461 3568 quo

330 3583 553 3650 Doederlinus
581 3602 639 3665 pro
661 3583 836 3649 certissimo
858 3585 889 3645 io
919 3583 1072 3649 intensivi
1094 3583 1243 3666 exemplo
1266 3583 1372 3665 utitur,
1399 3584 1461 3649 for·

329 3690 423 3747 tasse
446 3680 560 3746 cadem
590 3680 643 3744 via
665 3679 707 3744 ad
735 3681 897 3745 notionem
919 3680 1128 3759 intensivum,
1157 3681 1185 3744 si
1215 3679 1345 3761 quidem
1374 3688 1462 3747 certa

330 3782 430 3857 inest,
454 3776 601 3859 pervenit
623 3796 686 3858 qua
707 3776 806 3842 medii
826 3776 902 3854 aevi
923 3776 1148 3843 Germanicum
1170 3777 1320 3859 inpotem
1341 3778 1461 3855 „valde

329 3875 470 3942 viridis“
504 3874 534 3938 h.
569 3894 597 3939 c.
628 3874 729 3952 intus,
764 3876 866 3955 usque
898 3874 939 3939 ad
975 3874 1122 3940 intimam
1154 3882 1295 3959 partem,
1332 3877 1461 3957 penitus

329 3973 448 4039 viridis
477 3978 509 4037 et
536 3978 602 4036 ant.
626 3972 732 4037 Germ.
761 3971 966 4053 inponunt,
996 3971 1082 4053 quod
1109 3978 1208 4037 antea
1234 3990 1461 4036 commemora·

331 4071 448 4135 vimus.
483 4067 553 4146 Quo
568 4069 602 4132 iu
616 4087 735 4150 genere
750 4068 924 4133 tenendum
941 4074 990 4133 est
1010 4066 1175 4152 adjectiva
1196 4068 1312 4133 coloris
1329 4067 1459 4132 omnino

332 4166 422 4233 haud
451 4185 551 4247 saepe
579 4184 650 4229 cum
678 4164 822 4248 praefixo
851 4167 883 4227 io
913 4166 964 4231 vel
992 4166 1026 4230 in
1050 4164 1379 4252 Germanioalingua
1406 4161 1459 4229 vel

335 4264 369 4329 in
390 4263 509 4329 Latina
537 4262 699 4344 conjungi.
744 4262 856 4327 Tertia
878 4262 1052 4344 explicatio
1075 4269 1140 4342 est,
1170 4279 1233 4342 qna
1254 4256 1383 4321 lucunas
1407 4261 1458 4341 sit,

1218 4361 1256 4411 2*
