3575 5334
687 696 721 751 de
738 697 820 766 alpha
837 698 979 753 intensiro.
1359 697 1396 757 21

277 865 355 930 mihi
390 867 545 931 Lceweus
582 868 627 931 ita
658 870 817 950 persuasit
849 870 1043 952 adjectivum
1077 872 1206 933 columis
1239 871 1400 954 quondam

278 964 454 1044 exstitisse,
488 972 523 1028 ut
557 965 628 1047 ejus
660 968 851 1031 sententiam
892 974 1019 1033 secutus
1051 968 1192 1034 nesciam
1226 988 1268 1033 an
1296 970 1400 1034 Plaut.

277 1060 365 1124 Trin.
388 1080 420 1125 v.
444 1064 507 1124 742
529 1061 649 1127 Ritsch.

432 1215 473 1258 err
494 1200 533 1257 eci
552 1196 668 1279 largiri
688 1206 718 1259 te
740 1196 790 1260 dli
808 1218 907 1281 neque
929 1200 983 1275 r'to,
1006 1198 1210 1275 uirilitatis,

351 1295 355 1303 '
430 1292 662 1355 incolomem
684 1296 794 1356 sistere
816 1295 855 1373 er',
877 1293 935 1356 sed
955 1294 1090 1356 detruse
1112 1294 1272 1357 adsument

277 1444 509 1510 restituendum
524 1445 566 1510 sit
581 1444 766 1508 columem
790 1456 820 1508 te
840 1448 952 1508 sistere
975 1466 993 1511 e
1014 1447 1167 1511 librorum
1182 1448 1401 1513 Palatinarum

277 1540 468 1606 testimoniis
490 1550 600 1607 contra
622 1543 763 1608 codicem
780 1539 962 1609 deleticium
978 1545 1235 1611 Ambrosianum.
1273 1545 1400 1610 Etenim

277 1636 464 1719 antiquioris
496 1640 602 1723 potius
627 1640 803 1723 scripturae
834 1641 971 1723 vestigia
1000 1661 1094 1723 quam
1128 1648 1220 1707 vetus
1248 1641 1400 1707 mendum

277 1734 340 1800 illis
373 1736 482 1801 inesse
513 1737 655 1819 videtur,
688 1736 773 1819 quod
803 1737 856 1801 ubi
890 1744 999 1803 tamen
1031 1738 1173 1822 irrepsit,
1208 1739 1330 1804 librarii
1367 1742 1400 1805 in

277 1832 433 1897 vocabulo
462 1833 669 1899 usitatissimo
697 1833 822 1899 facilius
843 1836 876 1895 in
904 1833 1046 1917 praefixo
1069 1836 1226 1918 corrigere
1254 1843 1402 1918 poterant

277 1948 371 2010 quam
393 1929 506 1995 addito
529 1932 718 2013 pronomine
740 1950 990 2014 supervacaneo.
1024 1933 1141 1997 Verum
1164 1933 1206 1998 dc
1228 1952 1321 1998 versu
1343 1934 1400 1999 illo

277 2027 473 2093 restituendo
503 2028 637 2092 videant
665 2029 737 2109 alii,
777 2029 949 2111 explicatio
979 2036 1064 2093 certe
1092 2029 1318 2094 vocabulorum
1349 2051 1401 2093 oo-

276 2124 367 2186 lamis
397 2132 429 2189 et
463 2125 625 2188 incolumis
662 2145 726 2207 qua
760 2126 916 2191 Loeweus
945 2124 1072 2189 Sanscr.
1104 2124 1253 2209 lrol-jo-r,
1288 2126 1400 2192 Graec.

276 2219 405 2300 καλό-ς,
434 2222 530 2287 Goth.
552 2221 664 2299 lzdz'l-s,
693 2229 836 2287 nostrum
858 2222 923 2284 teil
943 2230 1107 2303 comparat
1133 2222 1211 2286 mihi
1235 2242 1299 2287 non
1322 2224 1401 2289 satis

274 2319 409 2401 arridet,
439 2319 514 2402 quia
534 2319 648 2385 melior
670 2327 702 2385 et
723 2338 743 2384 a
765 2318 998 2402 significatione
1020 2326 1052 2383 et
1073 2338 1093 2382 a
1114 2318 1217 2382 forma
1238 2319 1272 2383 in
1295 2338 1420 2401 prom·⁴

273 2423 331 2498 ptu
361 2434 432 2481 esse
453 2416 588 2482 videtur.
644 2416 762 2495 Quidni
785 2417 870 2482 enim
893 2421 1019 2481 veteres
1040 2416 1241 2498 grammatici
1267 2435 1400 2497 quorum

273 2532 314 2577 ex
337 2513 601 2595 interpretatione
629 2515 757 2576 columis
784 2534 917 2592 ,sanus,
941 2514 1071 2578 salvus“
1093 2519 1142 2577 est
1164 2519 1196 2577 ct
1217 2513 1260 2577 ad
1282 2532 1399 2597 corpus

273 2610 475 2694 potissimum
511 2610 662 2692 refertur,
706 2630 776 2675 cum
812 2610 974 2673 irreolcmr‘s
1009 2610 1051 2675 ad
1088 2608 1230 2673 animum
1267 2618 1398 2695 spectet,

272 2708 388 2791 quidni
410 2708 506 2790 igitur
527 2709 611 2773 viam
641 2708 735 2773 nobis
758 2727 796 2773 co
818 2714 1013 2788 monstrent,
1044 2706 1129 2789 quod
1158 2708 1287 2769 columis
1308 2729 1328 2772 a
1350 2729 1400 2771 oo-

268 2808 380 2869 lumno
416 2804 624 2870 derivarunt?
668 2805 703 2871 Si
740 2806 821 2870 haec
853 2805 1011 2870 vocabula
1044 2803 1188 2886 ejusdem
1226 2805 1400 2887 prosapiae

266 2910 365 2984 sunt,
389 2904 416 2969 si
439 2902 552 2968 ecdem
574 2902 737 2985 pertinent
759 2899 917 2979 κολωνός,
940 2900 1108 2987 soloecis,
1134 2902 1241 2978 celsus,
1265 2903 1398 2981 excello,

266 3002 404 3078 culmen,
427 3006 489 3066 vet.
506 2999 581 3065 Sax.
596 2999 679 3061 lzolm
695 2999 796 3080 collis,
820 2999 881 3063 lit.
898 2998 992 3060 tol-ri
1005 2998 1170 3081 ,erigere“
1193 3000 1242 3073 (ci.
1260 2998 1398 3079 Curtius,

266 3099 331 3165 el.⁴
342 3119 375 3182 p.
391 3100 473 3179 152),
490 3097 617 3160 columis
631 3097 759 3179 proprie
774 3104 822 3161 est
837 3103 991 3176 „erectus
1008 3094 1115 3160 firmus
1123 3100 1147 3176 “,
1162 3101 1303 3159 nostrum
1324 3095 1398 3177 ouf-

261 3194 442 3278 9ericlrtet,
471 3194 521 3259 cui
543 3193 703 3276 adjectivo
727 3194 847 3276 optime
868 3193 899 3253 in
923 3189 1122 3274 praefigitur,
1152 3192 1329 3272 quodcum
1354 3192 1399 3256 di-

264 3293 448 3359 rectionem
472 3293 640 3374 exprimat,
664 3289 900 3372 quodammodo
926 3295 1044 3370 augeat
1064 3288 1203 3352 nominis
1225 3289 1397 3353 notionem.

263 3392 345 3457 Jam
377 3389 459 3454 nihil
485 3395 549 3468 est,
582 3407 637 3452 cur
657 3386 873 3470 grammaticis
895 3384 961 3450 illis
990 3385 1170 3467 quicunque
1200 3390 1291 3450 erant
1319 3384 1398 3449 diffi-

268 3490 388 3554 damus
410 3485 548 3569 simplici
568 3484 726 3549 vocabulo
748 3484 850 3565 magis
872 3482 915 3547 ad
944 3502 1058 3565 corpus
1085 3483 1186 3547 relato
1208 3501 1320 3546 sanum
1344 3481 1398 3547 de·

267 3586 393 3663 notari,
431 3582 586 3648 translate
620 3587 773 3665 usurpato
810 3579 906 3646 etiam
942 3580 1101 3666 integrum
1137 3580 1296 3660 animum,
1332 3599 1397 3644 non

269 3684 429 3749 violatum
458 3678 646 3761 significari,
675 3697 866 3760 quamquam
897 3696 937 3742 ex
966 3696 1025 3741 usu
1052 3676 1086 3739 id
1116 3696 1181 3741 non
1210 3676 1288 3741 satis
1315 3695 1398 3740 com·

271 3780 436 3863 probatur.
486 3776 620 3841 Accedit
654 3775 739 3859 quod
767 3773 912 3857 ejusdcm
941 3773 1050 3856 stirpis
1075 3771 1270 3855 adjectivum
1299 3773 1398 3835 celsus

272 3876 376 3960 ipsum
393 3893 521 3958 quoque
536 3879 569 3939 et
590 3872 719 3957 proprie
733 3877 904 3953 usurpatur
924 3877 957 3934 et
978 3870 1143 3934 translate.
1174 3870 1263 3934 Haec
1278 3870 1303 3934 si
1326 3890 1397 3953 pro·

273 3972 424 4039 labiliter
445 3970 609 4053 disputata
630 3976 719 4050 sunt,
752 3968 847 4033 etiam
869 3967 903 4031 in
932 3966 1094 4049 adjectivo
1119 3967 1279 4028 incolumis
1306 3985 1398 4048 prae·

274 4070 388 4152 positio
407 4069 450 4129 ‘in
480 4067 593 4134 eadem
622 4067 692 4131 vice
720 4065 861 4148 fungitur
888 4084 953 4146 qua
979 4064 1013 4127 in
1034 4063 1201 4128 vocabulis
1229 4065 1335 4144 inpone
1365 4069 1397 4128 ct

276 4167 444 4253 trepidas.
488 4165 602 4230 Paullo
631 4164 724 4228 aliter
753 4162 1007 4239 Hainebachius,
1044 4159 1085 4225 de
1112 4178 1199 4223 voco.
1229 4158 1337 4220 consul
1363 4164 1395 4223 et

277 4266 434 4328 consulere
457 4261 584 4340 (Gissee
609 4265 702 4337 1870)
724 4281 755 4343 p.
779 4264 797 4325 3
820 4260 895 4325 adn.
918 4258 1079 4321 incolumis
1100 4254 1284 4338 explicavit.
