3575 5334
334 694 394 759 112
855 702 956 758 Olemm

329 874 490 961 τρίγληνα
512 876 648 958 quadret
669 893 753 957 quae
774 873 820 941 ita
837 874 936 942 menti
957 881 1088 942 nostrae
1108 880 1268 958 proponat
1290 872 1456 956 Homerus,

330 978 366 1035 ut
394 971 523 1038 inaures
552 971 744 1055 cogitandae
766 972 831 1038 sint
858 973 959 1038 tribus
987 972 1151 1055 lapidibus
1178 972 1248 1037 sive
1275 971 1457 1054 margaritis

331 1067 590 1151 dependentibus
625 1070 728 1152 iisque
766 1069 935 1151 disjunotis
971 1068 1125 1151 insignes.
1184 1068 1376 1150 Goebelius,
1420 1068 1458 1134 de

331 1166 429 1249 epith.
446 1167 539 1233 Hom.
554 1167 588 1232 in
610 1190 678 1243 -εις
701 1166 802 1232 desin.
823 1167 970 1241 (Monast.
989 1169 1082 1243 1858)
1105 1187 1137 1249 p.
1154 1169 1194 1230 35
1216 1166 1457 1250 interpretatur:

331 1264 411 1328 mori
440 1266 546 1331 colore
575 1262 721 1347 indutus,
751 1265 950 1329 Duentzerus
977 1272 1107 1329 vertens
1128 1262 1340 1326 οοΙιωαοΙωοὶΙ
1368 1283 1458 1328 voea-

330 1358 440 1425 bulum
470 1362 593 1429 derivat
620 1381 641 1426 a
669 1360 872 1426 substantivo
901 1357 1008 1444 μόρος
1038 1361 1107 1426 sive
1135 1358 1224 1444 μόρα
1252 1362 1458 1443 „splendor‘t

331 1461 379 1523 Ao
411 1459 490 1524 mibi
522 1478 648 1543 quoque
680 1459 809 1524 inaures
843 1456 1034 1539 splendidae
1064 1458 1167 1539 magis
1200 1458 1331 1540 plaoent
1366 1477 1458 1541 quam

332 1556 412 1620 mori
435 1558 542 1623 oolore
563 1556 707 1621 indutae.

419 1694 450 1762 2)
484 1686 712 1773 ἀπέρωπος

333 1826 384 1890 Et.
407 1826 448 1890 M.
477 1829 545 1908 120,
569 1829 610 1889 42
640 1821 837 1908 ἀπερωπόν,
866 1820 995 1908 ἀγριον,
1018 1823 1075 1888 καὶ
1098 1819 1228 1910 ἀπηνῆ·
1258 1819 1281 1910 ἢ
1304 1820 1457 1909 σκληρόν,

332 1916 356 2006 ἢ
387 1923 666 2008 ἀοςπαραίτητον,
696 1920 846 2007 στυγνόν,
876 1918 1144 2002 ἀπαράπειστον.
1196 1920 1400 2005 Phrynichus
1427 1919 1459 1983 iu

332 2017 439 2085 Bekk.
473 2021 596 2086 Aneod.
627 2023 646 2087 8
680 2015 882 2104 ἀπέρωπος·
917 2021 1075 2105 σημαίνει
1107 2014 1266 2104 ἀναιδής,
1306 2014 1458 2104 σκληρός,

333 2116 451 2197 ταχύς,
482 2115 554 2183 οἷον
584 2113 775 2203 ἀπερίοπος
803 2116 861 2181 καὶ
890 2111 1155 2199 ἀπορίβλεπτος·
1191 2110 1228 2179 ὃν
1258 2110 1319 2179 οὐκ
1347 2111 1387 2179 ἀν
1410 2137 1460 2190 τις

333 2213 593 2301 περιωπήοαιτο
628 2212 686 2279 διὰ
714 2213 775 2300 τὴν
804 2211 927 2300 ἀηδίαν
956 2214 1011 2277 καὶ
1041 2208 1226 2297 ἀπέρωπον
1257 2208 1330 2275 οἷον
1359 2210 1460 2296 τραχὺ

333 2312 391 2376 καὶ
414 2304 670 2394 ἀνατεταμένον.
714 2312 855 2395 Hesyoh.
879 2308 1081 2394 ἀπέραντος·
1106 2306 1354 2393 ἀπάνθρωπος.
1400 2310 1462 2376 Ve-

333 2416 436 2473 terum
479 2411 687 2493 interpretum
732 2406 964 2491 explieationes
1007 2407 1199 2473 recentiores
1241 2406 1342 2472 seouti
1379 2413 1461 2473 sunt.

333 2506 549 2572 Doederlinus
577 2507 679 2585 enim,
713 2525 784 2570 oum
813 2505 894 2588 περὶ
926 2525 991 2568 non
1021 2504 1147 2585 ignoret
1174 2504 1261 2587 apud
1283 2504 1462 2571 Aeolenses

333 2605 473 2669 maxime
502 2623 668 2687 apooopen
697 2603 762 2685 pati
793 2604 912 2683 solere,
942 2602 992 2666 his
1020 2601 1130 2665 tribuit
1156 2601 1347 2666 vocabulum
1377 2601 1472 2684 quod·

334 2700 376 2766 ab
416 2702 516 2783 alpha
552 2701 711 2765 intensive
749 2700 891 2782 inoipere
928 2698 990 2763 sibi
1026 2699 1201 2780 persuasit:
1244 2697 1461 2765 immodice

335 2799 444 2863 ooulos
466 2797 706 2878 oirournterens‚
730 2796 940 2862 Henniokeus
962 2791 1147 2877 ἀπέρωπον
1177 2801 1259 2871 (oum
1282 2795 1385 2878 alpha
1407 2816 1462 2862 ne·

334 2894 453 2976 gativo)
487 2914 558 2961 eum
594 2894 671 2959 dioit
704 2894 757 2976 qui
787 2914 849 2958 non
884 2892 1112 2975 oiroumspioit,
1146 2892 1222 2975 quid
1252 2891 1295 2956 ad
1324 2895 1462 2959 salutem

334 2992 468 3056 aliorum
492 2991 673 3073 augendam
689 2992 794 3056 taoere
811 2990 939 3070 debeat,
962 2989 1017 3071 qui
1032 2990 1151 3054 null-ius
1173 2990 1330 3056 rationem
1353 2991 1462 3073 babet,

334 3089 564 3154 ritolrsiobtsloo.
610 3088 675 3153 Sed
703 3108 815 3153 vereor
843 3106 884 3151 ne
914 3088 1018 3151 oleum
1049 3093 1080 3151 et
1102 3106 1232 3169 operam
1262 3088 1463 3170 perdiderint

334 3187 394 3251 viri
416 3188 500 3252 dooti
522 3188 556 3251 in
579 3185 772 3269 expiioando
795 3184 953 3248 voeabulo
977 3184 1063 3265 quod
1084 3185 1207 3248 nullum
1231 3193 1290 3249 est.
1334 3187 1461 3252 Etenim

336 3291 372 3348 ut
392 3294 478 3350 reete
501 3286 601 3348 Maur.
620 3281 815 3349 Sobmidtius
837 3281 978 3362 glossam
999 3282 1090 3345 iliam
1113 3281 1266 3364 Hesyobii
1289 3282 1341 3358 (of.
1364 3284 1460 3349 etiam

336 3376 529 3465 ἀπερώπως
544 3382 608 3462 leg.
625 3377 834 3463 ἀπερωποῦς·
850 3384 1069 3459 θαυμαστῶς,
1086 3374 1273 3463 ἀδοκήτως)
1289 3379 1333 3444 ad
1345 3381 1459 3446 Aesch.

336 3477 479 3560 Cboepb.
510 3480 571 3541 600
599 3477 779 3554 revomuit,
812 3475 856 3539 ita
884 3483 1059 3541 ceterorum
1088 3494 1213 3557 quoque
1241 3480 1461 3557 grammatino·

335 3595 406 3639 rum
439 3573 623 3640 testimonia
654 3594 695 3639 ex
727 3571 840 3638 eodem
874 3579 951 3654 puto
979 3572 1068 3638 fonte
1096 3571 1234 3637 fluxisse.
1280 3572 1347 3639 Sed
1377 3572 1460 3659 apud

335 3672 532 3755 Aeschylum
553 3672 575 3735 i.
598 3673 619 3735 l.
643 3690 681 3737 ex
704 3670 795 3734 libris
817 3669 981 3734 soribitur:

510 3819 726 3907 θηλοκράτης
749 3816 968 3904 ἀπέραντος
991 3818 1077 3904 ἔρως
1100 3827 1274 3906 παρανικᾷ

513 3917 693 3983 κνωδάλων
715 3942 751 3981 τε
775 3916 830 3981 καὶ
853 3922 984 4000 βροτῶν

336 4070 422 4152 quod
443 4070 617 4135 soboliasta
637 4070 865 4152 interpretatur
887 4066 1027 4150 στυγνὸς
1050 4069 1107 4133 καὶ
1128 4066 1361 4154 ὑπερήφανος.
1405 4076 1461 4139 Re·

332 4167 494 4233 ⁴oentiores
525 4167 586 4232 viri
616 4166 701 4231 dooti
730 4167 763 4231 in
792 4166 937 4231 diversas
969 4171 1077 4248 partes
1111 4165 1268 4232 abierunt.
1313 4169 1460 4251 Pauvius,

336 4262 509 4346 Heatbius,
548 4264 729 4345 Sobdtzius‚
767 4262 917 4345 Botbius,
955 4261 1155 4344 Dindorfius,
1191 4263 1249 4329 alii
1277 4260 1462 4351 ἀπερωπός
