3575 5334
437 673 477 735 30
954 676 1055 730 Glemm

436 850 489 932 qui
512 853 641 914 nonest
662 848 822 926 brutiano,
849 857 884 914 ut
900 850 1004 913 Bactr.
1021 848 1148 932 ortoirjn
1164 868 1204 913 ex
1219 849 1298 914 Aria
1312 869 1377 914 non
1396 848 1555 913 oriundus

436 946 599 1012 Interdum
622 966 737 1011 nomen
766 947 816 1011 cui
845 968 885 1010 aa
915 944 1079 1029 praecedit
1108 966 1205 1015 sensu
1228 956 1262 1011 ut
1283 947 1375 1029 ajunt
1402 964 1557 1027 gramma·

434 1043 489 1110 tici
515 1045 704 1127 praegnanti
727 1045 851 1124 dicitnr,
875 1044 908 1109 id
931 1044 1016 1126 quod
1038 1044 1081 1108 ad
1103 1045 1252 1108 vocabuli
1274 1043 1440 1127 compositi
1463 1043 1559 1125 signi·

434 1141 615 1208 ficationem
638 1142 848 1207 transferatur
869 1162 1002 1208 necesse
1025 1149 1090 1209 est:
1124 1140 1263 1204 anatoho
1286 1162 1350 1206 non
1373 1149 1423 1206 est
1444 1140 1482 1221 is,
1505 1140 1557 1223 qui

434 1242 542 1305 oculos
571 1261 635 1304 non
664 1239 762 1305 habet
787 1240 844 1304 sed
868 1239 922 1321 qui
950 1241 990 1305 iis
1015 1261 1081 1304 non
1104 1239 1216 1320 utitur,
1247 1259 1312 1303 non
1340 1239 1435 1304 aliter
1464 1259 1504 1303 ac
1531 1239 1559 1302 si

433 1357 491 1403 nos
513 1338 542 1402 ei
565 1338 619 1419 qui
641 1358 707 1402 non
722 1336 811 1401 videt
832 1337 918 1419 quod
940 1346 1016 1403 ante
1038 1337 1138 1421 pedes
1154 1344 1216 1403 est:
1241 1337 1320 1401 heus
1335 1346 1378 1415 tu,
1401 1338 1559 1402 acclama-

433 1456 518 1515 mus,
549 1456 592 1499 an
615 1436 725 1499 oculos
749 1453 813 1498 non
836 1435 962 1501 habes?
1006 1436 1057 1500 Ita
1083 1436 1117 1500 in
1139 1434 1201 1498 hoc
1221 1452 1341 1515 genere
1363 1434 1558 1500 Sanscritam

432 1534 576 1615 linguam
608 1533 698 1597 nulla
730 1533 795 1596 alia
826 1532 1029 1615 aequiparat,
1064 1551 1123 1597 nec
1151 1532 1265 1595 mirum
1294 1531 1452 1613 profecto,
1485 1551 1557 1596 cum

432 1637 542 1695 tantae
567 1630 731 1693 notionum
755 1629 903 1694 varietati
932 1628 1126 1713 respondeat
1147 1649 1272 1695 summa
1293 1648 1331 1692 ac
1352 1647 1459 1711 paene
1480 1629 1557 1711 legi·

432 1730 492 1792 bus
507 1728 612 1792 soluta
628 1726 867 1809 compositionis
882 1727 1024 1792 libertas.
1058 1726 1256 1791 Sanscritnm
1279 1726 1364 1790 enim
1380 1725 1555 1808 praefixum

432 1824 630 1907 componitur
658 1842 729 1887 cum
757 1823 981 1903 substantivis,
1014 1824 1199 1907 adjectivis,
1234 1823 1476 1905 pronominibus
1506 1823 1555 1900 (cf.

432 1942 534 1985 ooo-s
556 1941 621 1985 non
649 1920 728 2001 bic),
757 1922 949 2005 participiis,
979 1921 1160 2003 infinitivis,
1191 1941 1261 1986 cum
1291 1922 1389 1985 verbo
1419 1919 1555 2003 denique

431 2019 520 2084 finito
543 2019 593 2088 (cl.
617 2038 714 2101 supra
736 2039 766 2101 p.
792 2022 832 2081 bl.

517 2115 633 2182 Omnia
668 2123 774 2180 antem
810 2117 960 2199 exempla
995 2135 1078 2197 quae
1111 2135 1210 2197 usquc
1243 2115 1348 2180 adbuc
1392 2116 1553 2181 examina·

430 2214 534 2279 vimus
568 2213 815 2279 determinativa
842 2213 1020 2296 composita
1041 2219 1116 2277 sunt
1143 2214 1343 2295 antiquitatis
1370 2221 1448 2278 nota
1477 2214 1555 2279 satis

429 2312 578 2394 insignia.
631 2311 735 2375 Etiam
769 2310 863 2393 plura
902 2316 1030 2375 exstant
1066 2311 1269 2391 attributiva,
1307 2313 1340 2375 in
1373 2312 1488 2394 quibus
1520 2311 1554 2375 id

430 2408 514 2490 quod
549 2408 692 2473 membro
721 2409 822 2473 altero
857 2408 1036 2473 continetur
1065 2427 1182 2474 nomen
1210 2410 1263 2474 vel
1290 2410 1333 2474 ab
1362 2409 1472 2490 aliquo
1501 2408 1554 2473 ab

430 2525 501 2571 esse
534 2505 649 2570 dicitur
680 2505 733 2569 vel
762 2524 874 2588 parum
904 2505 933 2569 ei
962 2505 1143 2570 convenire.
1188 2506 1289 2584 Quam
1319 2514 1405 2571 recte
1429 2507 1552 2571 Justius

430 2603 543 2666 horum
565 2601 793 2666 vocabulorum
816 2602 1078 2684 compositionem
1107 2603 1305 2669 subtiliorem
1327 2624 1366 2668 ac
1387 2604 1553 2686 perfectio·

430 2720 496 2767 rem
530 2719 601 2765 esse
634 2699 829 2764 intellexerit
859 2719 954 2780 quam
986 2706 1094 2765 cetera
1121 2719 1257 2782 genera,
1292 2720 1332 2765 ex
1360 2700 1400 2765 iis
1428 2720 1553 2783 quoquc

430 2798 587 2881 exemplis
614 2796 717 2861 elucet
742 2816 825 2878 quae
847 2797 909 2862 huc
930 2796 1101 2863 referenda
1122 2804 1210 2878 sunt,
1240 2799 1298 2863 sed
1321 2798 1402 2862 haec
1423 2798 1551 2863 omnino

431 2896 578 2980 persequi
603 2900 635 2958 et
656 2895 786 2976 longum
803 2902 852 2959 est
867 2885 933 2960 eta
950 2896 1112 2978 proposito
1135 2901 1242 2961 nostro
1265 2895 1416 2959 alienum.
1446 2894 1553 2974 Quare

420 2994 475 3059 ad
497 2992 689 3058 Germanica
710 2992 768 3055 illa
796 2992 954 3057 vocabula
983 3012 1053 3057 cum
1083 2991 1226 3075 praefixo
1254 2994 1403 3074 negativo
1426 3012 1552 3076 compo·

431 3091 493 3156 sita
515 3097 719 3172 revertamur,
750 3089 864 3171 quibus
892 3088 1038 3154 nonnulli
1064 3090 1125 3153 viri
1148 3089 1232 3154 docti
1261 3091 1309 3155 usi
1338 3090 1478 3155 suntad
1500 3111 1551 3156 ex·

428 3188 614 3271 plicandum
636 3187 736 3269 alpha
756 3183 960 3253 intensivum.
1004 3187 1142 3268 Egregie
1165 3186 1338 3252 Grimmius
1360 3187 1393 3251 Il
1410 3191 1550 3270 llbsqq.

429 3286 559 3350 nomina
595 3285 772 3367 composita
802 3304 873 3349 cnm
906 3305 946 3347 cn
980 3282 1122 3366 praefixo
1160 3318 1199 3329 -
1233 3284 1332 3349 verba
1364 3284 1450 3350 enim
1487 3305 1552 3351 non

429 3390 661 3465 componuntur
682 3418 724 3428 -
746 3381 937 3463 explicavit,
966 3381 1056 3463 cujus
1079 3384 1356 3447 commentationis
1377 3383 1459 3449 baec
1487 3384 1551 3449 fere

429 3499 553 3543 summa
581 3486 645 3543 est:
683 3499 723 3540 aa
756 3477 932 3560 praefixum
960 3497 1031 3543 cum
1060 3498 1125 3542 non
1159 3479 1200 3543 sit
1227 3480 1411 3561 negativum
1442 3486 1478 3545 nt
1509 3481 1550 3558 ai,

428 3576 485 3641 sed
508 3576 702 3659 privativum
724 3574 944 3639 tantummodo
959 3594 998 3639 ac
1014 3576 1252 3658 deminutivum,
1276 3597 1346 3642 cum
1362 3577 1551 3660 antiquioris

427 3674 639 3739 Germanicae
668 3672 798 3737 dialecti
826 3671 976 3755 praefixis
1005 3675 1040 3750 d,
1070 3672 1144 3751 oto,
1173 3676 1281 3752 misso,
1309 3694 1397 3736 wana
1425 3693 1551 3758 compa·

427 3774 490 3835 rari
523 3761 637 3853 potest.
688 3771 801 3851 Itaque
828 3790 868 3831 aa
902 3770 936 3833 in
965 3771 1055 3834 nullo
1088 3777 1137 3835 est
1168 3771 1357 3853 pronomine
1388 3774 1549 3853 negativo,

427 3875 461 3931 ut
482 3887 645 3948 nunquam
668 3866 807 3931 dixerint
829 3867 927 3933 Gothi
948 3866 1093 3929 unooc'lits
1113 3887 1170 3950 pro
1192 3868 1336 3946 oioatttr,
1360 3869 1550 3951 significatio

426 3971 533 4028 antem
570 3963 666 4046 hujus
693 3963 826 4047 praefixi
855 3965 984 4030 diversa
1012 3971 1062 4029 est
1094 3985 1151 4047 pro
1180 3965 1407 4030 vocabulorum
1436 3974 1550 4032 natura

427 4062 614 4144 quibuscum
646 4063 845 4145 componitur
873 4068 906 4127 et
938 4083 997 4145 pro
1026 4063 1222 4144 temporibus
1254 4083 1293 4128 ac
1320 4064 1400 4128 locis
1436 4065 1549 4146 quibus

427 4159 597 4241 invenitur.
643 4158 731 4224 Haec
752 4160 862 4243 paullo
884 4157 1063 4224 accuratius
1082 4151 1314 4225 ¹examinemus.

512 4256 672 4321 Particula
706 4277 747 4318 co
776 4256 923 4323 omnibus
960 4256 1025 4321 fere
1059 4255 1229 4339 adjectivis
1262 4277 1358 4323 sensu
1390 4258 1548 4340 privativo
