3575 5334
669 707 703 762 de
720 708 835 763 dirleoto
853 707 1007 762 herodotea.
1339 708 1401 776 219

360 878 482 967 ἐδήευν
503 878 532 943 V
555 880 596 945 89
618 901 645 957 ν,
670 876 806 965 ἐδήιουν
829 877 950 965 ἐδήουν
973 881 1080 946 ueteri.

359 975 610 1061 παρισεύμενος
638 976 684 1041 IV
708 980 767 1041 166
803 977 881 1042 VIII
914 981 989 1059 140,
1021 982 1035 1041 l
1066 977 1114 1057 R,
1148 977 1400 1062 παρισούμενος

302 1075 384 1141 lteri.

340 1171 494 1238 decedit
515 1170 794 1256 περιεκυκλοῦντο
817 1170 896 1235 VIII
919 1174 969 1253 78,
996 1179 1031 1237 ut
1052 1172 1085 1235 R
1108 1179 1140 1239 et
1161 1175 1304 1243 Steinius
1325 1178 1401 1244 sori·

302 1278 362 1350 rut,
386 1268 666 1350 περιεκυκλέοντο
689 1266 813 1347 ABCt,
842 1269 1124 1352 περιεκυκλοῦντο
1147 1271 1211 1351 Pa,
1241 1293 1398 1356 quaeum

302 1387 376 1433 rma
398 1365 649 1450 eomparandum
671 1372 720 1432 est
734 1365 995 1450 περικυκλίοντο
1009 1368 1044 1431 in
1057 1366 1091 1430 R
1107 1375 1240 1436 exstans
1254 1370 1330 1437 VIII
1349 1377 1397 1455 16,

302 1465 328 1530 οἰ
350 1470 413 1531 oet.
435 1464 505 1530 eod.
527 1462 845 1549 περιεκυκλεύοντο,
875 1463 1014 1529 editores
1042 1467 1322 1549 περιεκυκλοῦντο
1345 1490 1399 1537 ex·

302 1563 396 1630 [bont.
441 1564 490 1628 De
513 1561 712 1647 ξυρεῦμενος
735 1562 774 1627 eI.
796 1582 865 1646 oap.
889 1560 966 1641 1Ιὲ
989 1566 1018 1626 3.

359 1662 483 1727 Suntne
511 1660 573 1725 hae
601 1660 722 1724 formae
748 1678 825 1724 vere
854 1659 1072 1726 herodoteae‘?
1115 1670 1231 1729 suntne
1259 1684 1293 1730 re
1321 1686 1398 1733 vera

302 1757 433 1825 aeoae?
477 1756 653 1823 Bredovius
681 1761 723 1839 (p.
748 1760 822 1831 391)
852 1762 884 1821 et
906 1757 1045 1823 Steinius
1068 1778 1123 1825 eas
1145 1762 1302 1843 genuinas
1325 1769 1397 1831 e'sse

302 1855 475 1936 rIstimant,
505 1875 577 1920 oum
600 1852 784 1920 Dindorfius
806 1875 837 1937 p.
859 1855 992 1919 XXXII
1019 1877 1236 1941 „magnopere
1259 1858 1397 1927 dubitari

302 1957 391 2019 >sse“
413 1959 558 2035 oenseat,
588 1973 652 2029 „an
674 1951 892 2035 diphthongus
916 1975 952 2016 ευ
974 1953 1008 2017 in
1030 1953 1095 2019 illis
1120 1955 1227 2021 verbis
1249 1960 1397 2027 omnibus

302 2070 338 2115 >n
361 2050 403 2115 sit
424 2049 465 2114 ah
487 2048 650 2116 Herodoto
673 2049 824 2132 profecta,
848 2049 907 2115 sed
929 2070 1048 2132 pravae
1064 2050 1218 2117 debeatur
1233 2054 1398 2122 sedulitati

302 2147 506 2212 hrariorum“.
550 2148 736 2229 Priusquam
759 2147 835 2212 oerti
857 2147 935 2230 quid
956 2152 1149 2230 statuamus,
1179 2152 1396 2232 quaerendum

302 2251 336 2326 rt,
367 2244 525 2326 quomodo
554 2246 637 2327 illae,
659 2244 780 2310 formae
802 2244 957 2328 explicari
985 2245 1118 2328 possint.
1165 2247 1247 2312 Num
1270 2270 1396 2317 sumere

302 2349 348 2408 :et
376 2366 413 2407 ευ
442 2362 482 2408 ex
505 2366 544 2406 ov
573 2346 639 2406 tum
662 2341 790 2408 demum
812 2342 930 2406 laetum
959 2361 1045 2425 esse,
1075 2364 1145 2408 oum
1173 2345 1294 2412 formae
1322 2367 1396 2414 oon·

302 2446 394 2504 uotae
422 2438 592 2505 δικαιοῦσι
621 2437 830 2505 ἐδικαιεῦντο
854 2440 923 2523 jam
957 2440 1112 2507 formatae
1140 2443 1254 2509 erant?
1298 2446 1396 2511 Nullo

304 2537 369 2603 odo
383 2537 444 2602 hoo
458 2536 671 2602 demonstrari
692 2543 798 2621 potest
812 2558 830 2603 e
848 2538 1110 2622 monophthongo
1126 2543 1145 2601 ri
1162 2540 1395 2625 diphthongum

302 2662 308 2694 ι
331 2638 372 2697 est
393 2636 427 2700 in
448 2635 560 2717 lingua
580 2655 697 2718 graeca
719 2635 793 2700 oriri
815 2635 973 2719 potuisse,
1004 2637 1154 2718 quoniam
1177 2640 1252 2705 talis
1273 2642 1319 2705 rei
1342 2661 1396 2706 ex-

302 2736 380 2817 npla
400 2733 498 2816 plane
520 2733 644 2799 desunt.
660 2768 703 2779 -
717 2733 867 2799 Fortasse
888 2734 985 2816 igitur
1000 2754 1038 2800 eo
1053 2741 1206 2818 tempore,
1231 2757 1292 2818 qno
1315 2737 1395 2803 *δι-

302 2828 429 2895 ιιόουσι
450 2828 688 2896 *ἐδικαιόοντο
710 2830 816 2896 adhue
838 2833 1137 2915 pronuntiabantur,
1161 2835 1228 2899 oin
1245 2859 1260 2900 e
1276 2836 1396 2919 eupho-

302 2948 345 2994 ae
378 2947 476 2994 eausa
511 2927 761 2994 attenuabatur?
820 2929 886 2995 Sed
922 2930 992 3013 ejus
1033 2931 1262 2999 attenuationis
1297 2954 1394 3000 eausa

302 3045 353 3091 rae
376 3044 448 3091 esse
468 3026 585 3109 potuit,
619 3045 689 3091 oum
718 3027 817 3090 multo
845 3028 975 3109 saepius
998 3050 1036 3090 oo
1061 3051 1119 3092 σου
1142 3031 1394 3096 oontrahantur‘?
1517 3039 1519 3042 ’

302 3142 384 3206 eque
411 3123 578 3205 quisquam
608 3147 625 3186 ο
654 3125 686 3188 in
717 3147 733 3188 ε
762 3129 838 3189 ante
865 3125 995 3189 vocales
1023 3124 1185 3190 debilitari
1216 3148 1311 3210 posse
1340 3148 1395 3193 ex·

302 3221 387 3305 nplis
421 3221 530 3286 allatis
567 3219 806 3287 demonstravit.
857 3222 1028 3286 Praeterea
1060 3222 1118 3285 tali
1146 3223 1241 3287 modo
1270 3223 1392 3289 formae

302 3320 437 3396 ίικαίευ,
468 3316 618 3383 δικαιεῦν
647 3338 711 3382 non
734 3319 945 3402 explicantur,
974 3319 1124 3400 quoniam
1147 3338 1187 3384 ex
1213 3318 1390 3386 *ἐδικαίου

302 3414 442 3480 ἐδικαίευ
464 3436 529 3481 non
552 3413 702 3481 ἐδικαίευ
725 3415 793 3481 fieri
815 3421 950 3499 poterat,
981 3417 1039 3482 sed
1060 3415 1231 3483 *ἐδικαίει
1255 3418 1393 3486 evadere

302 3514 419 3579 abebat.
463 3514 575 3595 Itaque
597 3514 678 3579 haeo
700 3533 825 3596 quoque
846 3514 900 3577 via
923 3512 1175 3597 derelinquenda
1197 3524 1254 3582 est.
1278 3553 1319 3563 -
1341 3522 1393 3582 An

302 3630 350 3676 reo
378 3613 479 3677 verba
506 3632 571 3677 non
593 3612 776 3693 analogiam
799 3614 968 3677 verborum
993 3613 1027 3677 in
1051 3637 1113 3690 οω,
1142 3614 1253 3679 sedin
1278 3639 1322 3679 εω
1345 3634 1394 3681 se

302 3707 432 3774 huntur?

354 3804 447 3870 Talis
468 3805 647 3886 fluctuatio,
671 3813 706 3870 ut
723 3806 792 3888 jam
815 3806 969 3887 vidimus,
991 3827 1049 3890 per
1070 3829 1105 3874 se
1127 3816 1272 3891 spectata
1294 3810 1393 3876 offen-

302 3903 351 3967 >ni
384 3922 456 3968 esse
488 3924 553 3968 non
590 3910 711 3986 potest,
744 3911 778 3967 ut
815 3901 916 3969 εἰδέω
949 3905 1053 3971 ionioe
1083 3927 1140 3989 pro
1179 3904 1302 3986 αἰδοία,
1342 3932 1393 3971 τι-

302 4005 338 4065 lm
363 4001 471 4066 συλέω
495 4000 644 4084 delphioe
673 4021 730 4083 pro
752 4000 877 4083 τιμαω,
909 4000 1037 4081 συλάω,
1067 4003 1259 4069 ἑσσοῦσθαι
1288 4004 1392 4071 ionice

302 4119 325 4164 ὀ
361 4094 540 4183 ἡσσᾶσθαι
568 4098 638 4164 sim.
674 4097 847 4164 dicebatur.
899 4100 965 4166 Sed
997 4108 1218 4184 praeterquam
1254 4100 1340 4182 quod
1373 4121 1392 4167 e

302 4194 437 4260 λικαιέω
460 4194 610 4261 ἐδικαίευ
632 4195 735 4260 forma
757 4198 912 4280 explicari
938 4199 1062 4280 nequit,
1093 4198 1221 4262 obstant
1243 4196 1316 4261 huie
1339 4216 1393 4263 ex·

303 4292 433 4358 ioationi
456 4292 630 4358 eorundem
650 4294 819 4359 verborum
835 4296 935 4360 multo
950 4297 1078 4379 saepius
1099 4293 1237 4358 traditae
1259 4292 1390 4375 formae,
