3575 5334
588 642 630 685 ·,‘
726 670 759 724 de
776 669 891 724 dialecto
910 663 1064 725 herodotea.
1398 674 1458 733 131

332 843 484 910 sedtum
509 842 621 907 VIII'l
645 839 878 927 ἒμηχανέοντο,
901 843 933 907 Il
960 846 1029 924 121,
1054 849 1072 906 5
1095 843 1145 908 ΙΙΙ
1169 849 1206 908 15
1222 854 1281 910 cet.
1304 845 1464 932 μηχανώ-

332 964 434 1023 μενος
463 942 495 1004 in
524 940 700 1024 archetypo
728 939 839 1019 fuerit,
868 959 995 1023 sempor
1023 941 1141 1007 lormas
1169 963 1228 1024 per
1256 966 1292 1007 so
1321 945 1462 1027 scriptas

333 1039 474 1107 exhibet.
504 1036 612 1117 Quid?
634 1037 806 1103 Studuitne
827 1038 888 1103 hoo
902 1039 936 1103 in
952 1039 1050 1104 verbo
1072 1038 1254 1105 Herodotus
1275 1038 1462 1126 analogiae,

333 1157 428 1219 quam
456 1136 491 1200 in
518 1132 686 1199 τελεττάω
714 1135 859 1217 sprevit?
903 1135 981 1213 Quis
1008 1135 1070 1201 sibi
1098 1135 1305 1219 persuadebit
1332 1137 1462 1225 ἐμηχα·

333 1240 438 1299 νῶντο
467 1233 563 1316 juxta
591 1229 815 1317 ἔμηχανέοντο
849 1232 1000 1297 traditum
1033 1234 1188 1315 librariis,
1222 1234 1461 1314 τελεντέοντας

330 1332 423 1416 juxta
454 1331 681 1405 τελευτῶντας
711 1329 773 1412 ipsi
808 1330 951 1411 scriptori
986 1329 1120 1395 deberi?
1170 1333 1373 1417 Archetypus
1400 1341 1457 1400 aut

333 1429 507 1513 genuinam
529 1426 683 1492 Herodoti
705 1428 892 1509 scripturam
916 1428 1038 1511 habuit,
1061 1435 1096 1493 ut
1110 1429 1251 1496 Steinius
1274 1431 1360 1496 hand
1384 1451 1456 1496 raro

330 1527 477 1611 judicare
497 1526 634 1607 videtur,
663 1560 705 1571 —
728 1525 788 1589 hoc
809 1526 836 1590 si
860 1532 923 1606 est,
954 1526 1073 1608 ubique
1096 1529 1264 1593 enucleata
1289 1528 1457 1612 archetypi

333 1625 491 1707 scriptura
513 1621 697 1689 exhibenda
718 1629 782 1703 est,
812 1623 845 1687 id
869 1623 954 1705 quod
976 1623 1117 1690 Steinius
1145 1644 1347 1709 nequaquam
1368 1626 1455 1709 facit,

333 1730 385 1788 aut
407 1720 575 1805 archetypi
598 1720 755 1803 scriptura
773 1720 843 1803 jam
865 1723 937 1804 ipsa
959 1728 995 1787 et
1014 1722 1138 1787 mendis
1154 1730 1186 1787 et
1207 1723 1456 1799 correctionibus

333 1820 542 1904 posteriorum
565 1817 682 1884 referta
704 1825 768 1897 est,
798 1818 883 1900 quod
905 1819 933 1884 si
955 1826 1018 1900 est,
1049 1827 1135 1884 recte
1157 1821 1292 1887 tortasse
1313 1821 1456 1888 Steinius
1520 1837 1524 1843 ·

333 1938 458 2000 semper
473 1914 696 2001 ἒμηχανέοντο
717 1914 967 2001 μηχανώμενος
984 1917 1102 1997 scribit,
1127 1915 1255 2002 ζητέεις
1277 1919 1359 2001 132,
1383 1916 1457 1984 ἐνε-

333 2021 425 2097 μέειν
450 2016 482 2079 II
508 2017 577 2093 172,
601 2016 705 2077 κινέει
728 2014 760 2078 ΙΙ
784 2017 833 2094 80,
861 2010 942 2077 πόλι
964 2011 1085 2099 ποιήσι
1108 2034 1165 2097 pro
1190 2014 1300 2099 ζητεῖς
1322 2014 1455 2097 ἐνεμεῑν

334 2124 420 2177 κινεῖ
436 2108 546 2177 πόλει
575 2108 715 2195 ποιήσει
747 2112 781 2174 in
814 2112 990 2194 archetypo
1022 2110 1148 2177 traditis
1176 2112 1269 2195 legit,
1303 2114 1360 2178 sed
1389 2133 1454 2178 non

332 2210 537 2292 intellegitur,
560 2229 615 2274 cur
637 2209 710 2273 aliis
733 2209 811 2275 locis
832 2215 898 2272 tarn
920 2208 1018 2272 anxie
1038 2208 1203 2292 archetypi
1224 2230 1343 2293 pravas
1366 2209 1455 2275 haud

334 2308 428 2373 dubie
451 2315 483 2372 et
504 2307 565 2372 sibi
587 2328 652 2371 non
675 2312 858 2372 constantes
880 2307 1052 2388 scripturas
1078 2314 1193 2385 servet,
1217 2326 1287 2370 cum
1311 2325 1454 2389 praeser-

333 2406 386 2470 tim
409 2404 570 2471 interdum
593 2404 740 2469 omnibus
762 2404 875 2468 ceteris
905 2402 1067 2467 codicibus
1089 2402 1250 2469 derelictis
1272 2404 1366 2469 unius
1388 2422 1454 2468 cor·

332 2502 461 2568 rectoris
484 2507 635 2584 sequatur
655 2503 843 2584 scripturam
866 2502 955 2566 velut
977 2495 1180 2586 εὐφρανέεαι
1202 2507 1261 2568 etc.
1285 2501 1336 2579 (cf.
1351 2500 1454 2585 praef,

333 2620 361 2681 p.
386 2603 449 2676 33).
487 2599 595 2682 Vides,
620 2605 817 2680 quantopere
839 2597 988 2663 eSteinii
1011 2598 1134 2664 ratione
1155 2599 1262 2664 omnia
1284 2598 1452 2681 fluctuent3

333 2696 358 2761 si
372 2697 569 2762 Herodotum
583 2696 688 2779 ipsum
711 2696 808 2760 etiam
829 2696 982 2777 gravibus
1003 2698 1037 2761 in
1054 2697 1149 2762 rebus
1171 2696 1266 2761 modo
1289 2697 1335 2762 sie
1356 2694 1453 2761 modo

332 2794 375 2859 ita
395 2795 536 2860 locutum
560 2814 630 2860 esse
652 2800 782 2877 propter
797 2793 962 2877 archetypi
983 2793 1220 2860 fluctuationem
1243 2814 1314 2859 oum
1330 2794 1452 2860 Steinio

332 2892 529 2972 posuerimus
551 2898 582 2956 et
604 2896 713 2956 tamen
734 2890 891 2955 interdum
909 2892 1076 2975 archetypi
1097 2891 1334 2957 fluctuationem
1356 2892 1453 2975 libra-

332 2989 400 3070 riis,
430 3008 496 3053 non
520 2988 664 3071 scriptori
694 3008 763 3051 curn
787 2988 909 3053 Steinio
935 2988 1133 3069 dederimus,
1166 2989 1453 3070 unoquoque-fere

333 3084 401 3151 loco
424 3085 555 3151 dubium
578 3086 651 3163 erit,
679 3092 783 3149 utrum
805 3085 967 3151 anomalia
990 3085 1151 3150 Herodoto
1173 3106 1216 3149 an
1239 3085 1377 3150 librariis
1399 3086 1451 3149 tri·

331 3182 460 3249 buenda
481 3183 537 3264 sit,
566 3190 694 3264 totaque
716 3183 860 3264 quaestio
883 3203 924 3248 ex
947 3182 1195 3263 uniuscujusque
1218 3181 1352 3245 libidine
1373 3201 1452 3263 pen·

332 3278 426 3346 debit.
473 3282 654 3361 Numquam
687 3280 782 3344 credo
815 3280 876 3344 hoc
904 3278 1000 3342 modo
1029 3297 1087 3342 eae
1118 3277 1320 3359 quaestiones
1349 3276 1451 3342 diale-

330 3378 429 3442 cticae
450 3377 494 3442 ad
516 3377 672 3459 liquidum
695 3376 826 3459 perduci
848 3382 998 3459 poterunt
1021 3382 1061 3455 et,
1085 3377 1111 3440 si
1134 3375 1248 3440 Steinii
1271 3374 1351 3439 ratio
1373 3393 1452 3439 vera

330 3479 428 3554 esset,
466 3475 507 3540 de
535 3474 717 3557 cognitione
746 3471 874 3539 dialecti
907 3472 1102 3537 herodoteae
1127 3471 1256 3555 penitus
1284 3478 1368 3537 esset
1397 3471 1466 3546 de·⁸

330 3571 533 3654 sperandum.

413 3667 499 3747 Quid
527 3668 632 3750 igitur,
665 3688 735 3733 cum
764 3690 815 3735 res
844 3671 889 3735 ita
912 3688 946 3734 se
976 3669 1135 3748 babeant,
1164 3667 1346 3732 laciendum
1376 3664 1450 3731 est?

331 3762 407 3829 Cum
435 3765 662 3848 recentiorum,
693 3766 745 3847 qui
768 3775 938 3845 vocantur,
966 3766 1177 3830 Ionismorum
1207 3770 1293 3843 (nam
1317 3762 1450 3828 Ionismi

329 3861 508 3944 complures
530 3864 654 3945 species
675 3863 774 3928 luisse
796 3862 866 3944 quis
890 3869 938 3927 est
959 3863 1013 3944 qui
1028 3861 1186 3939 nesciat?)
1208 3869 1323 3927 natura
1345 3880 1364 3926 e
1384 3881 1450 3925 non

329 3956 372 4023 ita
398 3960 508 4023 multis
534 3960 795 4042 inscriptionibus
824 3959 967 4025 nondum
995 3960 1074 4025 satis
1102 3961 1228 4024 eluceat
1255 3958 1305 4036 (cl.
1330 3959 1450 4021 Erman

329 4053 360 4118 in
381 4054 473 4121 Stnd.
497 4056 525 4119 V
553 4078 584 4139 p.
608 4059 788 4129 als-310)
818 4065 850 4123 et
879 4058 975 4122 etiam
1006 4058 1110 4121 minus
1139 4075 1157 4121 e
1185 4052 1449 4138 philosophorum

332 4151 540 4234 („iragmenta
560 4153 743 4237 philosoph.
764 4158 891 4237 graeo.“
914 4154 965 4219 ed.
987 4153 1199 4232 Mullachius),
1228 4148 1448 4214 historicorum

331 4248 541 4331 tfragmenta
562 4250 673 4316 histor.
695 4255 822 4335 graec.“
845 4251 896 4316 ed.
919 4251 1081 4331 Muelleri‚
1105 4249 1181 4314 voll.
1205 4247 1245 4399 ξ*
1254 4245 1313 4326 ΙΙ),
1339 4250 1450 4326 poeta·
