3575 5334
491 736 524 790 de
541 736 694 792 nominihus
713 738 873 794 suffixorum
891 747 947 794 cat-
965 721 993 823 ‘it
1010 718 1095 795 mino·
1113 757 1164 811 ope
1181 702 1312 828 ¹formatis.
1374 733 1377 738 ⁴
1397 740 1467 805 387.

336 928 420 990 quae
435 929 475 974 ex
491 910 605 976 eadem
620 910 688 976 rad.
704 930 764 976 scr.
777 910 850 994 jam
872 931 1022 978 manasse
1036 913 1152 996 prohat
1173 912 1297 980 Curtius
1315 915 1463 997 ςιιιιιᾶι.4

337 1026 369 1087 p.
394 1009 464 1071 598.
510 1006 600 1086 Quae
628 1008 654 1073 si
677 1008 723 1072 ita
744 1016 833 1089 sunt,
862 1008 927 1093 adj.
958 1012 1098 1093 pominus
1122 1012 1328 1093 compositum
1351 1018 1462 1077 estex

336 1104 436 1186 stirpe
457 1124 541 1186 pem·
563 1111 595 1169 et
616 1103 729 1169 suffixo
752 1107 885 1182 duo-⁴³).

423 1201 588 1268 Postremo
617 1203 735 1266 mentio
761 1201 817 1267 fiat
838 1204 995 1269 neminis:
1027 1212 1188 1277 crumena,
1219 1207 1359 1267 crumina
1389 1206 1408 1267 i.
1432 1225 1460 1271 e.

336 1298 498 1377 sacculus,
533 1299 566 1362 in
595 1318 657 1380 qne
686 1301 822 1382 pecunia
841 1302 1031 1384 reponitur,
1067 1300 1152 1382 qued
1188 1300 1274 1366 unde
1305 1302 1463 1384 originem

335 1395 472 1476 duxerit,
495 1415 625 1477 prorsus
647 1397 764 1461 nescio.

337 1601 365 1661 2.
413 1600 467 1662 De
501 1598 730 1665 nominibus
763 1620 783 1665 a
815 1601 952 1666 verbis
988 1601 1217 1685 primitivis
1251 1600 1464 1668 derivatis..

327 1805 329 1809 ⁸
421 1733 525 1815 Supra
554 1753 650 1814 quum
686 1734 726 1800 de
753 1734 857 1801 suffixi
887 1746 956 1798 ant·
983 1736 1090 1819 specie
1118 1742 1282 1817 ageretur,
1315 1737 1460 1801 vocalem

333 1829 430 1911 hujus
460 1829 565 1895 suffixi
593 1832 649 1895 lat.
679 1832 836 1915 triplicem
866 1852 944 1915 prae
971 1852 1006 1897 se
1034 1831 1117 1898 ferre
1147 1832 1297 1897 formam:
1330 1852 1358 1904 0,
1387 1853 1417 1904 ιι,
1444 1854 1462 1893 e

335 1936 543 1992 memoratum
567 1935 624 1994 est.
656 1930 761 1993 Etiam
784 1937 859 1993 ante
882 1928 1030 1995 suffixum
1053 1930 1152 1991 -rnino
1173 1930 1317 1993 vocalem
1339 1929 1461 1993 thema-

332 2025 429 2091 ticam
457 2026 614 2109 triplicem
642 2027 823 2090 habituram
854 2046 925 2092 esse
958 2028 1114 2109 speciem:
1153 2045 1171 2086 o
1205 2024 1458 2107 antiquissimam

333 2123 452 2205 linguis
485 2124 734 2204 graece-italicis
763 2142 978 2205 communem,
1013 2146 1032 2186 ιι
1062 2130 1093 2189 et
1122 2144 1139 2185 e
1167 2122 1244 2187 inde
1272 2129 1359 2188 ortas
1387 2144 1461 2187 cum

333 2239 391 2304 per
413 2240 447 2285 se
469 2221 804 2285 verisimillimumt
757 2227 819 2299 est,
850 2226 915 2284 tum
938 2221 985 2285 eis
1010 2221 1208 2299 nominihus,
1239 2239 1322 2300 quae
1342 2220 1377 2283 in
1398 2221 1459 2285 hcc

333 2319 438 2401 eapite
460 2325 653 2383 tractaturus
674 2338 753 2400 sum,
781 2337 910 2399 prorsus
932 2316 1097 2381 confirmat
1084 2324 1143 2382 tur

418 2415 547 2480 Vecalis
570 2415 654 2479 enirn
678 2435 696 2476 o
718 2414 835 2497 legitur
857 2416 890 2478 in
912 2416 1058 2480 nomine:
1085 2412 1345 2478 ιιι-1.·--ιιιιιιιιιιο
1369 2414 1394 2478 Ι.
1417 2415 1457 2477 L.

332 2515 357 2593 I,
386 2517 464 2578 1307
489 2512 554 2596 bis;

417 2610 538 2675 vocalis
560 2631 580 2672 ιι
602 2610 634 2673 in
657 2608 708 2673 his
730 2606 933 2674 vocibusza
914 2609 1100 2683 ιιΙ-ιι-,ιιιιιιιι
1131 2611 1319 2684 coh-‚unum
1347 2610 1459 2674 Ρὶι--ιι

333 2727 430 2779 mnus,
462 2705 549 2769 Vert-
536 2728 586 2769 -ιι-
588 2727 675 2769 mnus
697 2714 706 2779 (
716 2705 805 2768 Vort-
794 2727 844 2768 -ιι-
846 2712 954 2785 manc),
984 2707 1057 2770 Vol·
1043 2729 1093 2769 --ιι
1095 2729 1197 2783 mnam

420 2804 541 2869 vocalis
563 2825 580 2866 e
601 2805 634 2867 in
657 2822 721 2866 uno
744 2802 912 2866 Ale-mnae
934 2808 1019 2869 Tert.
1042 2805 1083 2870 de
1104 2807 1202 2871 anim.
1226 2812 1276 2872 37.

420 2902 570 2966 Vocalem
593 2921 611 2962 o
634 2901 668 2965 in
693 2900 799 2983 prisca
826 2900 986 2967 latinitate
1008 2903 1108 2966 multe
1130 2907 1259 2988 saepius
1280 2906 1458 2971 adhibitam

333 3003 404 3063 esse
433 2999 479 3064 eis
509 2998 691 3063 nominibus
719 2998 886 3081 probatur,
923 3020 1005 3081 quae
1035 3002 1068 3063 in
1097 3019 1244 3066 sermone
1272 3003 1458 3085 posterioris

332 3096 449 3160 aetatis
472 3096 600 3179 plehejo
622 3095 712 3159 illam
735 3096 880 3159 vocalem
909 3103 1090 3179 praestant:
1128 3096 1283 3170 alemans,
1315 3099 1457 3161 colomna

332 3201 383 3256 ctt.
423 3205 464 3266 (v.
495 3192 709 3273 Schuchardt,
743 3192 906 3257 vocalism.
937 3192 994 3257 des
1022 3192 1194 3273 vulgarlat.
1224 3192 1272 3275 ΙΙ,
1306 3198 1362 3258 171
1386 3200 1456 3275 sn).

332 3291 457 3355 Mireris
484 3310 559 3355 vere
591 3291 691 3373 primo
722 3291 814 3372 quasi
842 3295 990 3372 aspectu,
1020 3288 1105 3370 quod
1133 3288 1167 3352 in
1195 3288 1246 3354 his
1274 3290 1456 3355 nominihus

330 3388 476 3470 plurimis
498 3387 675 3476 reperiatur
697 3386 817 3451 vocalis
838 3407 867 3460 ιι,
890 3406 972 3469 quae
994 3387 1026 3450 in
1049 3385 1115 3450 illis
1137 3386 1320 3451 nominihus
1341 3385 1456 3451 suffixo
1497 3469 1500 3474 Α

331 3494 396 3547 ιιι-
425 3484 568 3548 formatis
595 3483 756 3551 rarissime
784 3484 910 3565 legitur.
955 3483 1053 3565 Cujus
1081 3482 1128 3547 rei
1156 3502 1255 3549 causa
1275 3484 1356 3549 haec
1377 3483 1456 3548 mihi

331 3581 460 3663 quidem
484 3580 711 3646 videturesse.

415 3679 477 3742 Illo
505 3676 667 3760 tempere,‘
699 3696 760 3759 qne
789 3678 920 3760 linguae
948 3677 1069 3743 latinae
1097 3676 1218 3742 vocalis
1241 3697 1260 3738 0
1281 3675 1456 3742 thematica

330 3774 363 3839 in
386 3796 407 3837 ιι
429 3775 572 3856 transiit,
601 3775 660 3840 illa
681 3774 811 3839 nemina
838 3776 967 3859 proprie
990 3794 1061 3841 esse
1083 3780 1164 3864 part.
1187 3773 1271 3839 med.
1293 3774 1346 3838 vel
1368 3793 1454 3855 pass.

329 3873 415 3937 hene
443 3873 656 3938 meminerant
682 3872 828 3937 hemines
856 3871 1007 3948 Romani;
1042 3879 1155 3954 postea
1188 3889 1264 3935 vero
1297 3891 1392 3953 quum
1420 3871 1455 3933 in

399 4090 432 4155 ⁴³)
449 4088 523 4145 Idem
540 4088 690 4144 Gorssenus
709 4102 814 4157 quoque
831 4104 904 4142 nunc
921 4087 1038 4157 probare
1055 4087 1168 4152 videtur,
1186 4103 1266 4155 quum
1284 4086 1341 4151 (11²,
1354 4101 1380 4153 p.
1391 4089 1451 4149 258)

328 4170 381 4225 hec
398 4169 561 4225 vocabulum
580 4169 650 4223 inter
667 4184 701 4223 ea
718 4170 826 4224 nomina
843 4167 957 4233 referat,
981 4181 1050 4235 quae
1068 4166 1159 4221 suffixi
1183 4168 1239 4222 ino-
1260 4181 1313 4234 cpe
1334 4164 1450 4222 formate

329 4254 405 4306 sunt:
427 4250 581 4314 dom-iaus,
606 4249 778 4320 darae-inus,
803 4248 938 4303 laur-inus
956 4253 1017 4315 ctt.;
1038 4252 1120 4301 antea
1137 4246 1225 4312 (heitc
1243 4261 1268 4315 p.
1288 4250 1348 4311 193)
1369 4244 1469 4316 aemi!

328 4347 381 4384 ιιιιι
398 4345 454 4385 una
473 4345 534 4383 eum
551 4328 688 4384 vocabulis
707 4329 846 4393 terminus,
864 4328 976 4395 lamina,
993 4327 1120 4382 alumnus
1138 4331 1184 4381 ett.
1202 4325 1375 4382 enumeravit.
