3575 5334
422 681 463 752 92
933 681 1032 736 Glemm

345 840 356 849 ”
422 856 472 923 vis
500 858 600 922 multa
621 857 656 921 in
678 857 794 938 lingua.
811 855 993 935 novaverit,
1023 872 1175 938 perversa
1196 852 1464 940 interpretatione
1485 855 1543 921 loci

422 954 583 1020 Homerici
611 959 658 1032 (N
678 957 708 1029 6)
739 952 908 1035 deceptum
929 951 963 1017 in
989 952 1085 1018 talem
1109 970 1201 1015 nsum
1223 950 1375 1016 incidisse
1396 951 1543 1035 equidem

422 1052 613 1120 Hennickeo
645 1070 710 1116 non
742 1048 899 1129 concedo,
937 1048 1086 1130 quoniam
1125 1066 1208 1131 qnae
1244 1046 1285 1113 de
1316 1047 1544 1120 Alexandrinis

421 1150 524 1233 poetis
553 1150 663 1216 valent
691 1147 806 1215 eadem
830 1166 896 1210 non
925 1150 1045 1212 temere
1066 1145 1108 1211 ad
1137 1150 1279 1210 oratores
1300 1145 1424 1224 Atticos
1447 1152 1544 1212 trans

419 1245 554 1322 ferenda
586 1252 670 1322 sunt.
715 1244 820 1323 Quare
848 1242 911 1308 nisi
938 1243 1136 1325 grammatici
1168 1241 1229 1326 ipsi
1257 1242 1373 1308 erroris
1401 1249 1545 1310 auctores

419 1352 509 1423 sunt,
556 1342 617 1410 duo
659 1341 817 1409 voeabula
860 1340 1037 1422 composita
1076 1336 1175 1422 ἄβιος
1216 1341 1407 1406 exstiterunt
1449 1362 1544 1408 seusu

419 1440 622 1521 attributivo,
651 1457 783 1522 quorum
810 1438 947 1502 alterum
974 1456 995 1501 a
1023 1437 1173 1519 negativo
1196 1437 1339 1520 praefixo
1366 1438 1544 1506 alteruma

422 1538 604 1621 copulative
637 1536 771 1620 incepit,
806 1535 891 1616 quod
924 1552 1037 1601 vereor
1070 1541 1104 1599 ut
1137 1554 1266 1617 prorsus
1296 1534 1474 1604 verisimile
1500 1536 1544 1601 vi-

422 1634 544 1706 deatur.

507 1774 538 1842 2)
562 1764 751 1852 ἄβρομος
773 1774 805 1832 et
828 1770 859 1845 3)
883 1762 1058 1846 αὓίαχος

331 1895 336 1904 ’
421 1886 615 1970 conjunctim
642 1884 823 1950 enarranda
850 1892 940 1966 sunt,
969 1886 1045 1965 quia
1074 1886 1206 1951 alterius
1234 1885 1407 1969 explicatio
1436 1888 1478 1953 ab
1500 1889 1544 1952 al-

421 1985 519 2050 terius
541 1983 805 2066 interpretatione
826 1982 989 2065 segregari
1011 1983 1130 2064 nequit.
1164 1984 1329 2066 Leguntur
1350 1984 1436 2049 enim
1453 1989 1489 2047 N
1504 1989 1539 2047 41

578 2108 692 2185 Τριῦες
715 2099 751 2166 δὲ·
776 2100 878 2187 φλογὶ
902 2094 970 2165 ἶσοι
994 2096 1132 2178 ἀολλέες
1157 2098 1196 2187 ἠὲ
1219 2102 1346 2187 θυέλλῃ

565 2196 697 2283 Ἕκτορι
719 2196 896 2283 Πριαμίδῃ
921 2193 1046 2279 ἄμοτον
1067 2204 1245 2279 μεμαῶτες
1267 2196 1401 2278 ἕποντο,

573 2291 974 2382 ἄβρομοι,αὐίαχοα

419 2418 559 2485 Ariston.
583 2411 685 2497 ἄγαν
708 2418 914 2497 βρομοῦντες
933 2419 965 2478 et
987 2408 1089 2497 ἄγαν
1113 2410 1293 2493 ιάχοῦντες,
1316 2415 1377 2499 Ap.
1394 2418 1460 2499 3‚e
1484 2414 1543 2481 σὺν

418 2513 535 2599 βρόμῳ
564 2511 720 2596 πολλῷ,
749 2509 849 2575 schol.
873 2510 943 2575 BL.
966 2501 1242 2593 πολύβρομοι.
1286 2511 1378 2578 Hanc
1405 2513 1543 2596 expliea-

419 2614 538 2678 tionem
561 2627 673 2675 ornnes
695 2608 761 2672 lere
782 2608 976 2682 recentiores
993 2608 1183 2691 interpretes
1204 2611 1449 2693 amplectuntur,
1472 2629 1543 2686 cum

420 2714 563 2775 vertant:
586 2726 704 2788 magno
726 2724 886 2780 murmure
907 2712 940 2771 et
960 2724 1079 2787 megno
1099 2704 1248 2773 clamore.
1286 2705 1352 2772 Sed
1368 2706 1440 2790 jam
1463 2708 1544 2774 anti.

421 2806 526 2889 quitus
553 2804 697 2885 fuerunt,
730 2802 783 2886 qui
812 2801 914 2886 alpha
940 2801 1133 2885 privativum
1161 2822 1233 2869 esse
1260 2804 1321 2871 rati
1348 2804 1542 2880 contrarium

420 2922 549 2970 sensum
586 2900 753 2966 elicerent:
797 2899 867 2965 sine
903 2918 1064 2966 murmure
1097 2906 1128 2966 et
1160 2899 1230 2966 sine
1262 2901 1417 2985 clamore,
1455 2903 1543 2969 velut

417 2999 524 3083 Apion
553 3003 586 3063 et
614 3018 693 3080 quos
715 2997 895 3082 Hesychius
917 3004 1044 3063 secutus
1066 3003 1130 3062 est:
1166 2993 1245 3063 ἄνευ
1266 2996 1395 3083 βρόμου
1418 2993 1443 3085 ἢ
1463 2994 1542 3064 ἄνευ

419 3094 583 3179 θορύβου.
605 3092 1542 3179 HorumpatrociniumnuncOurtiusetAutenriethiussus·

419 3200 581 3278 ceperunt,
604 3192 657 3275 qui
676 3194 783 3258 nescio
799 3212 842 3257 an
856 3188 1013 3256 immerito
1028 3191 1070 3254 ab
1085 3192 1261 3258 Aristarchi
1279 3194 1542 3276 interpretatione

417 3290 617 3357 recesserint.
639 3290 798 3372 TroJanos
813 3288 899 3355 enim
914 3306 1041 3371 semper
1051 3289 1227 3369 clamantes
1240 3291 1315 3368 feeit
1325 3298 1424 3374 poeta
1438 3299 1473 3358 et
1486 3310 1541 3356 cnr

418 3388 479 3454 hoc
501 3389 571 3453 loco
587 3385 767 3451 tacuerint?
798 3407 842 3460 an
864 3392 949 3451 tacet
971 3386 1114 3468 procella
1134 3406 1270 3469 quaeum
1291 3386 1542 3473 comparantur?

418 3484 467 3551 Sit
488 3483 585 3565 igitur
606 3482 706 3566 alpha
727 3483 953 3567 copulativam,
976 3483 1152 3566 composita
1173 3484 1274 3553 habes
1296 3485 1543 3566 determinativa

419 3589 451 3648 et
483 3580 567 3655 bene
600 3580 867 3656 conclamantium
901 3580 1069 3664 strepitum
1101 3582 1207 3648 efferri
1240 3583 1407 3652 concedes.
1463 3583 1540 3652 (lum

418 3684 525 3752 autem
553 3677 797 3754 „conclamans“
828 3678 901 3761 plus
922 3676 1079 3760 significet
1099 3699 1195 3761 quam
1218 3682 1415 3763 „clamans“,
1442 3682 1542 3767 alpha

419 3775 445 3840 si
475 3774 526 3847 dis
552 3775 658 3857 placet
690 3774 887 3841 intensivum
916 3781 1052 3844 estnec
1079 3775 1224 3844 Bekkeri
1252 3779 1332 3844 ratio
1360 3778 1539 3863 probanda,

419 3871 471 3954 qui
501 3872 586 3955 plag.
611 3871 703 3946 Hom.
727 3873 742 3937 Ι
769 3876 827 3937 136
856 3872 973 3938 nostris
1001 3874 1165 3952 vocabulis
1191 3874 1377 3954 Humerum,
1410 3876 1542 3952 Untlrs‘er

418 3969 610 4053 comparatis
630 3989 652 4035 a
673 3968 816 4053 praefixo
844 3968 1004 4052 privativo
1026 3969 1249 4054 proficiscitur,
1273 3973 1362 4055 quod
1381 3972 1541 4057 quomodo

417 4066 449 4131 in
474 4066 673 4134 Germanicis
700 4068 901 4150 potissimum
923 4065 1071 4133 dialectis
1097 4087 1227 4140 sensum
1249 4090 1314 4137 non
1342 4077 1411 4152 tam
1437 4072 1541 4155 inten-¹

417 4163 520 4229 sivum
554 4184 650 4247 qnam
680 4163 924 4249 depravativum
953 4165 1146 4247 expresserit
1184 4168 1263 4240 satis
1295 4188 1459 4254 superque
1487 4188 1542 4240 ex-

416 4261 552 4342 positum
574 4266 633 4341 est.
