3575 5334
623 753 626 759 .
752 706 785 760 de
803 703 884 772 alpha
902 700 1044 756 intensiro.
1403 701 1463 762 107

333 875 436 962 possit
458 874 622 960 explicari.
652 875 687 941 Si
709 875 803 942 radix
823 896 883 958 pur
906 892 964 957 per
979 873 1171 940 metathesin
1193 875 1226 939 in
1248 885 1317 958 pra,
1341 876 1464 944 Graece

329 998 404 1059 -ypro
426 980 550 1039 mutata
572 979 717 1039 estante
739 972 886 1040 suffixum
902 994 960 1036 -κο
983 972 1052 1037 sive
1067 971 1264 1055 aspiratione
1286 974 1373 1040 iacta
1395 999 1460 1055 -χο,

335 1095 358 1136 α
380 1070 593 1155 protheticum
614 1089 686 1137 esse
708 1076 829 1153 potest,
860 1089 922 1152 quo
945 1068 1087 1152 praefixo
1109 1076 1185 1136 ante
1208 1070 1368 1154 duplicem
1391 1092 1462 1138 con-

334 1189 449 1235 sonam
478 1164 653 1252 (ἄγρωχος)
687 1168 782 1234 etiam
811 1167 845 1232 in
872 1166 979 1232 medio
1007 1168 1163 1232 vocabulo
1193 1169 1314 1235 vocalis
1342 1170 1464 1236 irratio·

335 1268 419 1332 nalis
441 1271 520 1331 nata
542 1272 607 1333 est:
641 1261 854 1351 ἆγ-έ-χωρος.
891 1263 1162 1345 significationem
1186 1266 1263 1331 satis
1285 1271 1395 1350 aptam
1417 1267 1463 1335 ita

334 1363 494 1429 vocabulo
518 1363 689 1429 extorseris
711 1362 812 1427 hano:
849 1361 969 1443 gravis,
991 1367 1121 1445 potens,
1144 1362 1268 1445 ingens,
1295 1366 1462 1447 superbus.

418 1461 443 1538 i)
474 1457 643 1544 ἀγέρωχος
666 1466 791 1526 constat
806 1480 847 1525 ex
861 1458 1017 1524 adverbio
1032 1460 1191 1526 intensive
1215 1456 1297 1543 ἀγα·
1320 1468 1352 1527 et
1373 1460 1462 1548 ἐρωή
1505 1489 1510 1496 ·

333 1558 537 1625 substantivo
572 1557 676 1623 suffixi
707 1581 786 1639 -αχο
817 1575 878 1640 ope
906 1557 1084 1622 formatum.
1141 1558 1208 1622 Hoc
1237 1578 1307 1623 cum
1342 1560 1462 1643 primus

335 1654 524 1737 Gocbelius,
558 1675 662 1721 novae
689 1660 811 1737 quaest.
840 1654 933 1720 Hom.
966 1654 1084 1732 (Berol.
1110 1657 1203 1731 1865)
1234 1658 1461 1739 proposuisset,

333 1754 444 1819 multis
473 1752 642 1836 probabile
669 1752 772 1818 visum
802 1760 866 1835 est,
901 1752 1114 1835 improbabile
1142 1752 1373 1820 Schmalfeldio
1407 1757 1461 1837 qui

334 1852 355 1915 l.
384 1852 405 1915 l.
436 1872 467 1933 p.
492 1854 595 1933 8sqq.
624 1850 725 1915 multa
753 1856 864 1916 contra
893 1851 971 1915 dicit
1002 1851 1164 1933 argutiora
1195 1869 1290 1931 quam
1324 1852 1458 1918 veriora.

334 1949 462 2014 Etenim
486 1949 575 2013 nullo
597 1948 625 2013 is
646 1953 834 2031 argumento
862 1948 1011 2032 probavit
1037 1967 1102 2011 non
1130 1968 1226 2030 posse
1254 1944 1319 2031 ἄγα
1346 1949 1459 2016 eodem

331 2046 403 2128 jure
433 2045 599 2111 vocabulis
627 2044 760 2129 praefigi
788 2065 870 2128 quae
898 2045 940 2108 ab
969 2068 985 2107 ε
1014 2044 1117 2108 vocali
1147 2045 1302 2128 incipiant
1330 2065 1391 2128 quo
1422 2048 1461 2112 iis

334 2162 417 2225 quae
439 2143 481 2208 ab
504 2168 524 2228 η
549 2143 600 2221 (ci.
623 2140 803 2227 o'ry-p'vorp),
831 2162 889 2208 nec
912 2141 1022 2222 magni
1044 2147 1118 2205 sunt
1139 2142 1292 2207 momenti
1314 2163 1396 2225 quae
1418 2144 1459 2210 de

334 2238 440 2327 i-pwp'
464 2240 657 2306 substantivi
679 2240 920 2322 significatione
936 2238 1087 2321 disputat,
1111 2238 1185 2320 quia
1201 2237 1378 2324 ἒ-ρω-χο-ς
1394 2261 1459 2306 non

333 2338 373 2402 ab
396 2337 469 2421 ipso
492 2338 553 2403 hoc
573 2337 703 2404 nomine
726 2337 784 2404 sed
811 2339 851 2403 ab
881 2336 996 2402 eadem
1019 2329 1126 2400 radice
1150 2336 1196 2420 ῥω
1219 2336 1240 2400 i.
1263 2357 1290 2402 e.
1315 2361 1354 2419 ρυ
1379 2335 1459 2403 deri-

334 2434 475 2500 vandum
504 2441 569 2517 est,
602 2436 689 2501 unde
717 2434 805 2499 haud
833 2433 980 2500 dissimili
1010 2452 1106 2499 sensu
1130 2430 1239 2519 ῥώ-μη
1263 2444 1460 2517 propagatur

333 2532 370 2597 ci.
401 2532 530 2598 Curtius
556 2536 628 2599 355.
679 2532 773 2610 Quod
801 2538 908 2597 autem
936 2530 1110 2597 Goobelius
1138 2523 1359 2614 ἆγ-έρω-χο-ςς
1388 2552 1458 2599 esse

333 2631 418 2695 vult:
457 2629 521 2693 fort
548 2629 749 2714 impetueurr,
780 2630 885 2711 ferox,
919 2628 1095 2705 violentus,
1125 2629 1315 2710 vehemens,
1343 2631 1460 2713 impor-

332 2732 445 2807 tunus,
476 2727 687 2809 procellosus,
717 2726 750 2790 id
780 2726 858 2791 mihi
890 2725 1106 2809 spernendum
1134 2746 1199 2790 non
1229 2746 1300 2792 esse
1322 2727 1458 2811 videtur,

332 2843 526 2907 quamquam
549 2824 672 2889 silicet
694 2823 817 2888 duobus
839 2823 1059 2888 tantummodo
1081 2823 1244 2889 vocabulis
1260 2823 1459 2891 Germanicis

332 2940 460 2987 omnem
483 2920 723 3003 significationis
745 2921 935 2986 varietatem
953 2921 1234 3004 comprehendere,
1257 2922 1382 2986 malim:
1404 2944 1458 3005 pc-

332 3020 446 3101 uultr’p,
468 3018 690 3101 gewolttbir'tip,
721 3019 772 3083 vel
797 3018 927 3087 Latine:
964 3020 1176 3102 impetuosus,
1201 3026 1326 3101 potens,
1349 3039 1459 3102 super·

333 3116 400 3182 bus.
440 3115 525 3195 Quid
548 3115 655 3181 enim?
685 3135 739 3179 cur
760 3115 894 3181 Rhodiis
918 3123 949 3182 et
971 3115 1080 3199 Mysis,
1104 3116 1230 3180 etiarnsi
1253 3134 1317 3177 non
1340 3115 1457 3181 eximia

331 3212 518 3279 fortitudine
541 3212 655 3278 ceteris
676 3213 826 3294 gentibus
847 3214 1091 3297 praestiterunt,
1118 3210 1151 3275 id
1174 3210 1337 3294 epitheton
1361 3211 1457 3279 dene-

331 3331 445 3395 gemus
477 3331 539 3392 quo
570 3310 635 3374 alia
667 3330 793 3391 quoque
823 3310 945 3375 auxilia
976 3311 1004 3375 si
1032 3309 1185 3373 voluisset
1219 3316 1314 3391 poeta
1342 3329 1457 3377 ornare

332 3408 512 3491 potuisset?
556 3407 590 3473 Si
622 3407 738 3471 Rhodii
771 3414 836 3471 tum
871 3407 985 3489 opibus
1015 3426 1054 3471 ac
1090 3405 1210 3470 divitiis
1245 3406 1457 3490 excellebant,

333 3513 441 3572 tantas
470 3505 618 3569 nimirum
647 3505 686 3569 iis
711 3504 789 3569 belli
819 3504 952 3570 virtutes
978 3504 1118 3575 tribuere
1146 3503 1235 3583 licet,
1266 3504 1394 3585 quantis
1424 3525 1459 3571 se

332 3622 455 3686 suaque
482 3603 524 3668 ab
555 3602 640 3668 omni
670 3602 925 3684 impugnantium
955 3601 1076 3685 impetu
1100 3600 1319 3666 defenderent.
1364 3602 1458 3668 Prae-

331 3706 421 3767 terea
449 3719 492 3765 ne
520 3699 600 3763 illud
627 3700 864 3783 praetermittas
892 3699 1032 3781 catalogi
1054 3707 1214 3762 auctorem
1237 3697 1372 3764 Rhodiis
1399 3699 1459 3764 hoc

332 3798 498 3881 epitheton
521 3796 669 3862 tribuisse
692 3803 724 3861 et
747 3795 869 3861 decimo
892 3796 1005 3861 iliadis
1030 3796 1170 3859 carmine
1192 3796 1300 3877 Mysos
1329 3792 1458 3880 ἀγερώ-

330 3918 410 3975 χους
432 3895 552 3960 vocari.
597 3893 662 3960 Sed
684 3892 761 3976 quid
782 3894 908 3959 multa?
944 3893 1022 3957 mihi
1045 3892 1192 3958 Goebelii
1215 3894 1403 3977 explicatio,
1431 3895 1458 3959 si

331 3991 462 4073 quidem
493 3991 694 4073 gravioribus
722 3990 906 4056 defenditur
928 3991 1124 4071 argumentis
1147 4009 1242 4071 quam
1265 3991 1380 4071 quibus
1402 3990 1458 4052 im-

330 4096 476 4172 pugnata
501 4093 566 4169 est,
598 4107 639 4153 ea
666 4108 738 4155 esse
766 4088 893 4153 videtur
921 4107 1004 4171 quae
1033 4088 1107 4153 ferri
1137 4088 1238 4170 possit
1260 4086 1335 4150 durn
1365 4082 1459 4150 cedat

329 4186 464 4253 meliori.
509 4186 593 4269 Nam
621 4191 729 4250 cetera
755 4186 963 4269 interpretum
992 4190 1171 4250 commenta
1199 4203 1241 4248 ne
1270 4181 1369 4264 digna
1391 4181 1459 4263 qui·

330 4283 403 4349 dem
426 4290 502 4350 sunt
524 4300 607 4364 quae
629 4290 924 4349 commemorentur.
