3575 5334
766 666 799 721 de
817 667 900 735 alpha
916 665 1057 721 intensivo.
1433 666 1470 724 15
1532 680 1535 685 ·

328 875 331 879 -
433 838 484 902 Ab
507 838 569 903 hoc
591 837 731 922 praefixo
755 858 808 900 on·
838 858 968 922 prorsus
990 838 1119 922 diversa,
1141 846 1189 905 est
1211 859 1251 906 ea
1277 839 1472 923 praepositio

347 935 526 1019 Europaeis
548 936 767 1000 tantummodo
793 935 911 1018 linguis
939 935 1085 1018 propria,
1114 936 1205 1020 cujus
1234 936 1336 1002 forma
1364 938 1472 1020 primi·

346 1033 414 1097 tiva
428 1033 537 1098 nescio
560 1053 602 1098 an
625 1034 689 1095 uni·
704 1033 855 1114 sonuerit,
879 1041 912 1098 et
934 1052 1025 1114 quae,
1048 1053 1118 1099 cum
1135 1034 1222 1099 notio
1237 1033 1390 1116 primaria
1404 1034 1472 1112 „in-

346 1130 477 1195 testini“
506 1131 557 1195 vel
580 1131 664 1195 intus
692 1149 763 1196 esse
791 1129 913 1212 aliquid
946 1129 1102 1212 significet
1129 1132 1181 1198 vel
1220 1132 1344 1213 inferri,
1373 1133 1471 1199 variis

345 1246 475 1292 casuum
509 1226 619 1293 formis
645 1227 765 1292 indutis
797 1229 850 1293 vel
879 1227 1009 1293 locativi
1036 1227 1123 1311 (dat,
1157 1229 1269 1306 ablat.)
1300 1228 1469 1295 flexionem

346 1326 482 1407 praebet
515 1326 567 1392 vel
600 1325 782 1390 accusativi.
839 1325 905 1391 Sed
944 1326 1028 1389 hanc
1066 1326 1186 1392 formae
1219 1346 1344 1409 quoque
1381 1326 1469 1393 diffe-

345 1423 483 1487 rentiam
515 1423 606 1487 nulla
633 1423 744 1505 lingua
772 1432 900 1506 praeter
921 1422 1077 1487 Graecam
1106 1424 1261 1505 serravit,
1296 1425 1348 1489 ubi
1379 1422 1415 1489 ἓν
1438 1432 1470 1490 et

345 1516 406 1597 εἷς,
431 1516 467 1595 ἐς
490 1520 743 1604 praepositiones
765 1520 911 1603 ejusdem
933 1520 1042 1603 stirpis
1069 1521 1302 1604 pronominalis
1324 1522 1468 1588 diversos

342 1636 439 1682 casus
461 1636 533 1683 esse
555 1617 715 1682 viridooti
730 1625 972 1701 perspexerunt,
995 1637 1066 1682 cum
1082 1618 1231 1683 Latinum
1253 1619 1285 1681 ia
1307 1619 1468 1701 utriusque

340 1715 591 1798 praepositionis
621 1734 711 1779 usum
739 1715 851 1779 eadem
881 1715 984 1780 sonna
1013 1717 1059 1781 ita
1088 1714 1353 1798 comprehendat,
1388 1722 1468 1797 ute

339 1813 414 1877 sola
446 1812 595 1878 rectionis
630 1812 811 1877 differentia
842 1812 968 1877 eluceat
1000 1812 1199 1896 significatio.
1250 1811 1343 1890 Quod
1374 1812 1468 1878 aliter

337 1908 375 1974 lit
403 1910 438 1974 in
462 1909 608 1975 dialectis
630 1909 766 1989 italicis,
800 1909 854 1973 ubi
882 1909 1056 1993 praefixum
1086 1910 1270 1992 negativum
1293 1930 1313 1973 a
1334 1930 1468 1994 praepo·

334 2007 460 2072 sitione
494 2006 706 2089 distinguitur.
758 2005 828 2084 Quo
861 2007 946 2072 enim
979 2008 1081 2089 magis
1113 2029 1133 2069 o
1165 2006 1288 2071 vocalis
1307 2008 1465 2094 *negativi

331 2104 478 2188 praefixi
500 2104 533 2167 iu
549 2104 666 2168 Latina
689 2104 800 2185 lingua
821 2110 988 2169 attenuata
1009 2110 1067 2182 est,
1091 2123 1129 2169 eo
1146 2103 1299 2186 integrior
1320 2111 1466 2169 servatur

330 2200 428 2285 apud
454 2199 553 2267 Oscos
574 2200 608 2265 in
630 2200 794 2266 vocabulis
822 2200 1006 2283 compositis
1028 2201 1116 2265 velut
1138 2209 1283 2262 orrcerrrto
1305 2201 1325 2265 i.
1349 2222 1376 2266 e.
1401 2223 1464 2266 non

329 2318 457 2378 censa,
487 2306 522 2361 at
543 2298 741 2380 praepositio
760 2318 812 2360 on·
835 2298 1035 2364 debilitatam
1060 2298 1190 2363 exhibet
1211 2296 1353 2361 vocalem
1378 2305 1410 2362 et
1431 2298 1463 2363 in

331 2396 426 2462 Osca
457 2394 594 2460 dialecto
616 2403 649 2459 et
669 2396 703 2459 in
728 2395 887 2459 Umbrica.
932 2394 1024 2473 Quod
1053 2403 1159 2460 autem
1182 2401 1279 2459 antea
1302 2391 1337 2459 ἐν
1360 2400 1392 2459 et
1414 2392 1464 2471 εἰς

329 2492 598 2577 praepositiones
620 2512 660 2558 ex
682 2492 795 2557 eadem
819 2494 918 2576 stirpe
941 2500 1135 2575 propagatas
1157 2510 1228 2556 esse
1250 2490 1403 2573 diximus,
1431 2492 1463 2556 id

331 2610 351 2657 e
377 2590 591 2655 dialeo'torom
614 2589 723 2655 formis
748 2598 844 2671 atque
867 2610 925 2655 usu
948 2590 1019 2656 loce
1041 2589 1156 2655 clarius
1178 2596 1319 2671 apparot.
1366 2588 1464 2654 Grae·

333 2709 411 2754 cum
435 2687 521 2752 enim
537 2684 581 2751 s'n
604 2706 644 2751 ex
674 2684 742 2752 dn-r'
763 2693 865 2750 ortum
889 2706 975 2766 esse,
1006 2707 1045 2752 ea
1072 2689 1144 2771 ipsa
1172 2688 1274 2751 forma
1302 2686 1463 2768 docemur,

334 2784 425 2850 unde
441 2802 501 2868 per
515 2782 704 2865 epenthesin
721 2782 770 2849 εἰν
794 2785 936 2848 nascitur
957 2783 1167 2849 Homericum.
1206 2783 1341 2864 Curtius,
1366 2790 1462 2868 etym.

337 2885 392 2949 Gr.
411 2881 471 2946 el.l
487 2884 549 2944 310
573 2877 628 2956 εἷς7
645 2900 684 2945 ex
708 2879 802 2959 ἔνι-ς,
826 2879 916 2964 cujus
938 2899 1110 2945 consonum
1135 2881 1262 2947 finalem
1281 2902 1351 2945 cum
1375 2882 1462 2945 exitu

337 2980 509 3044 formarum
538 2976 724 3042 Latinarum
756 2979 825 3055 ρι’-ε,
860 2978 922 3041 ert-s
938 2973 1121 3043 'admodum
1156 2979 1252 3043 dubio
1286 2983 1460 3061 comparat,

340 3085 439 3141 ortum
470 3093 541 3140 esse
569 3082 675 3158 putat,
709 3076 754 3139 ita
775 3075 942 3155 videlicet,
972 3083 1006 3139 ut
1028 3073 1132 3152 dvo-9
1154 3096 1211 3159 per
1233 3076 1364 3139 sormam
1389 3073 1461 3150 ἒν-ς

341 3172 450 3237 autin
474 3168 525 3247 εἰς
547 3178 603 3236 aut
623 3173 656 3239 in
679 3170 715 3249 ἐς
738 3172 936 3238 decurtatum
959 3173 1009 3236 sit.

424 3268 489 3335 Sed
505 3267 539 3335 si
562 3267 631 3334 dni
657 3268 813 3334 locativus
836 3271 917 3351 sing.
941 3277 998 3350 est,
1025 3268 1110 3352 quod
1132 3268 1210 3331 milri
1234 3287 1358 3348 quoque
1381 3268 1461 3333 veri-

341 3366 534 3432 simillimum
558 3365 699 3446 videtur,
729 3386 791 3447 quo
814 3372 909 3448 putas
931 3374 1076 3449 spectare
1097 3364 1350 3429 additamentum
1379 3363 1458 3429 illud

340 3463 395 3541 a?
439 3483 549 3528 nonne
580 3464 683 3547 ipsum
710 3482 836 3545 quoque
869 3484 925 3546 pro
959 3462 1183 3528 terminatione
1216 3481 1309 3527 casus
1340 3462 1460 3534 habeu-

341 3560 410 3625 dum
441 3567 507 3641 est,
538 3580 619 3642 quae
646 3568 755 3625 tamen
783 3581 848 3625 non
878 3560 980 3626 soleat
1009 3559 1051 3625 ad
1079 3560 1176 3625 aliam
1202 3559 1457 3624 terminationem

339 3657 514 3724 accedere?
558 3658 631 3723 Jam
654 3677 746 3739 vero,
774 3677 829 3722 eur
851 3656 1010 3723 locativus
1037 3658 1117 3740 sing.
1146 3658 1216 3723 sine
1238 3655 1457 3721 additamento
1533 3709 1537 3713 r

338 3774 404 3819 cum
434 3756 578 3820 ablativo
606 3754 809 3837 conjungitur
838 3762 869 3819 el
898 3757 1176 3819 commorationem
1207 3754 1372 3835 exprimit,
1407 3751 1457 3829 εἰς

338 3861 445 3918 eontra
467 3854 487 3917 i.
512 3871 539 3917 e.
571 3849 674 3926 tvo-9
703 3850 910 3917 directionem
935 3850 1066 3916 denotat
1093 3852 1135 3920 ad
1164 3852 1301 3933 aliquem
1329 3850 1456 3914 locum?

339 3948 417 4013 Num
442 3973 478 4025 -ς
505 3948 586 4012 illud
610 3946 707 4012 finale
729 3948 836 4013 neseio
860 3948 943 4029 quod
966 3984 1007 3992 -
1030 3946 1156 4013 Curtius
1177 3949 1247 4031 ipsc
1272 3948 1293 4014 l.
1315 3948 1336 4012 l.
1360 3969 1391 4030 p.
1415 3952 1455 4011 39

340 4045 376 4110 de
390 4047 529 4129 analogo
548 4044 660 4111 suffixo
682 4028 819 4127 genitivi
838 4046 977 4126 loquitur
991 4080 1034 4090 —
1051 4044 1291 4128 significationis
1305 4043 1387 4109 adeo
1403 4063 1455 4109 ex-

339 4161 476 4228 pressam
492 4142 710 4209 diversitatem
726 4142 854 4207 ederit?
877 4143 966 4206 Haec
981 4143 1089 4207 omnia
1099 4144 1308 4224 explicantur,
1320 4142 1348 4204 si
1360 4138 1453 4205 ἒν-σε

341 4238 433 4307 forma
456 4240 650 4323 primigenia
671 4244 749 4318 erat,
773 4240 824 4303 oui
848 4239 934 4304 idem
957 4237 1038 4301 illud
1053 4261 1109 4302 -or
1125 4238 1269 4303 additum
1287 4242 1344 4317 est,
1369 4236 1452 4317 quod
