3575 5334
558 719 591 772 de
609 717 723 773 dialecto
741 721 838 791 Attica·
851 721 1007 777 vetustiore.
1041 723 1063 777 I.
1313 720 1375 783 243

244 891 400 973 quoniam
439 890 610 956 artificiosa
643 899 692 957 est
723 892 888 958 literatura
922 913 1068 976 quaeque
1105 895 1278 978 lapicidam
1319 917 1378 979 po·
1465 903 1468 912 “

244 989 390 1054 sterioris
411 989 528 1055 aetatis
542 996 733 1054 vetustatem
749 990 910 1055 interdum
928 991 1105 1057 imitantem
1129 993 1254 1076 prodat,
1278 994 1373 1071 θεοῦ,

245 1086 333 1169 quod
355 1087 387 1150 in
411 1106 451 1151 ea
479 1093 599 1165 exstat,
629 1106 694 1150 nou
723 1089 833 1169 magni
861 1088 1043 1153 iaciendum
1074 1100 1131 1155 est.
1176 1091 1208 1154 in
1236 1092 1374 1156 alterum

244 1192 355 1250 autem
385 1184 511 1248 titulum
545 1203 680 1267 eumque
719 1187 933 1267 sepulcralem
969 1186 1108 1253 bominis
1144 1187 1261 1270 privati
1297 1196 1374 1255 ante

248 1282 296 1345 01.
320 1280 363 1344 84
396 1288 560 1346 exaratum
594 1282 788 1363 singularem
817 1284 907 1346 illum
937 1280 968 1342 Ω
995 1283 1108 1349 literae
1138 1305 1227 1350 usum
1257 1305 1298 1350 ex
1327 1286 1375 1350 in-

245 1379 432 1445 sulanorum
454 1378 686 1445 cousuetudine
708 1380 915 1462 permanasse
943 1388 1035 1464 putat
1056 1381 1285 1463 Kirchboltius,
1319 1382 1373 1463 qui

245 1476 285 1542 de
308 1477 371 1542 hac
393 1495 428 1540 re
451 1476 516 1557 egit
537 1477 571 1542 in
599 1477 756 1554 „Studien
780 1498 834 1541 zur
856 1478 1049 1543 Gescbichte
1072 1477 1129 1544 des
1151 1479 1372 1561 griechischen

246 1574 481 1657 Alphabets“2,
504 1595 535 1657 p.
555 1578 606 1638 71.

330 1671 420 1737 Haec
442 1671 549 1752 habui,
575 1691 658 1753 quae
680 1672 722 1737 de
743 1673 909 1738 literatura
930 1672 1172 1755 inscriptionum
1196 1673 1371 1738 Atticarum

245 1768 444 1833 adnotarem.
488 1769 552 1834 iam
575 1770 601 1835 si
625 1769 674 1834 cui
697 1770 852 1834 nonnulla
875 1771 992 1835 omissa
1014 1788 1085 1835 esse
1106 1766 1265 1850 videntur,
1289 1789 1372 1851 quae

245 1869 315 1950 ipsa
343 1886 471 1949 quoque
499 1867 542 1932 ad
572 1866 778 1932 vetustiorem
801 1868 960 1932 rationem
987 1866 1148 1932 scribendi
1179 1867 1370 1949 pertineant,

246 1985 298 2046 ea,
328 1971 441 2047 utpote
463 1984 545 2046 quac
566 1965 697 2029 maioris
719 1965 870 2029 momenti
900 1982 971 2029 esse
993 1971 1025 2027 et
1046 1964 1089 2028 ad
1114 1963 1371 2044 cognoscendam

244 2062 344 2145 ipsius
366 2062 498 2144 linguae
520 2069 668 2127 naturam
691 2063 893 2142 aliquantum
915 2060 1025 2125 valere
1054 2062 1286 2142 existimarem,
1316 2081 1373 2143 po·

246 2160 368 2225 steriori
391 2159 600 2242 disputationi
621 2158 793 2251 reservavi.
1190 2148 1193 2153 ’

621 2548 622 2552 “
684 2510 852 2587 CAPUT
878 2510 930 2584 II.

602 2684 666 2748 Du
708 2678 1011 2749 VOCALIBUS.

328 2833 585 2917 Uniuscuiusque
612 2834 734 2901 vocalis
756 2853 838 2917 quac
859 2840 976 2898 natura
998 2851 1143 2914 quaeque
1171 2832 1205 2896 in
1233 2830 1369 2913 singulis

246 2939 274 2996 et
296 2932 451 3016 stirpibus
473 2933 701 2998 vocabulorum
725 2941 757 2998 et
783 2929 1060 2997 terminationibus
1089 2929 1177 3011 origo
1205 2928 1292 3011 apud
1315 2930 1370 2992 At-

245 3030 321 3095 ticos
349 3030 445 3095 fuerit
474 3036 506 3096 et
534 3049 616 3112 quae
644 3032 734 3112 leges
755 3030 789 3094 in
811 3048 966 3093 concursu
988 3027 1186 3107 complurum
1208 3024 1369 3089 vocalium

210 3114 214 3120 ’
244 3133 296 3191 aut
329 3127 482 3193 evitando
515 3135 570 3193 aut
602 3127 752 3192 facilioris
788 3122 1055 3209 pronuntiationis
1088 3140 1183 3185 causa
1216 3120 1368 3185 leniendo
1420 3147 1424 3154 ·

244 3229 297 3288 aut
319 3224 390 3290 sine
419 3225 487 3290 ulla
509 3223 684 3290 mutatione
707 3222 865 3290 servando
888 3220 1065 3298 valuerint,
1095 3217 1122 3282 si
1144 3216 1204 3280 hac
1226 3215 1368 3297 disputa-

244 3321 330 3387 tione
359 3323 631 3406 comprchendere
653 3323 787 3401 vellem,
817 3338 936 3399 magna
964 3321 1048 3382 esset
1076 3312 1216 3379 muneris
1244 3312 1307 3376 mei
1336 3319 1369 3378 et

244 3417 415 3485 difficultas
444 3428 476 3486 et
504 3422 614 3486 moles.
659 3420 717 3485 sed
746 3418 897 3501 quoniam
925 3414 960 3479 id
988 3433 1066 3495 ago,
1099 3418 1134 3475 ut
1161 3430 1202 3476 ex
1223 3408 1300 3476 solis
1322 3410 1369 3474 in-

242 3518 468 3600 scriptionibus
500 3518 726 3583 vetustioribus
759 3515 811 3596 qui
844 3514 964 3578 fructus
992 3510 1035 3575 ad
1062 3509 1136 3573 illas
1165 3508 1369 3589 quaestiones

242 3615 462 3699 expediendas
484 3616 605 3698 percipi
627 3614 737 3698 possit,
761 3631 931 3696 exponam,
954 3610 1033 3675 satis
1055 3625 1159 3689 pauca
1179 3611 1262 3686 suut,
1285 3623 1368 3684 quae

243 3713 282 3780 dc
305 3713 472 3779 vocalibus
494 3733 546 3778 me
569 3712 683 3777 afferre
705 3716 862 3793 oporteat.
894 3729 970 3773 nam
992 3726 1063 3772 cum
1086 3702 1194 3768 omnia
1216 3720 1255 3766 ea
1277 3702 1368 3765 omit-

242 3810 341 3878 tenda
363 3811 440 3876 mihi
464 3810 590 3891 fuerint,
613 3809 646 3873 in
670 3807 784 3890 quibus
802 3807 929 3871 illarum
951 3802 1193 3886 inscriptionum
1217 3818 1291 3864 usus
1313 3804 1369 3863 aut

242 3908 328 3974 idem
356 3914 441 3975 esset
468 3915 564 3989 atquc
592 3906 679 3990 apud
708 3923 818 3969 omnes
848 3904 1019 3986 scriptores
1041 3897 1164 3964 Atticos
1192 3903 1263 3978 aut,
1291 3915 1367 3960 num

242 4006 324 4073 alius
346 4013 441 4087 esset,
465 4010 595 4088 propter
617 4002 774 4068 rationem
797 4001 973 4084 scripturae
995 3994 1177 4064 vetustioris
1199 3991 1368 4056 diiudicari

243 4124 305 4169 nou
338 4108 464 4187 posset,
492 4101 578 4182 nihil
610 4100 767 4181 reliquum
799 4098 917 4162 factum
946 4102 994 4162 est
1025 4097 1153 4177 practer
1185 4088 1369 4153 discrimina

242 4201 400 4282 quaedam
428 4206 602 4283 paucarum
632 4196 788 4260 vocalium
818 4202 850 4260 et
878 4192 1052 4259 nonnullas
1077 4188 1160 4253 alias
1188 4203 1254 4265 res,
1284 4202 1368 4264 quae

244 4297 284 4362 ad
305 4296 515 4364 mutationem
545 4294 740 4377 complutum
763 4293 924 4357 vocalium
950 4290 1035 4353 inter
1056 4304 1091 4350 se
1113 4281 1367 4348 concurrentium

1110 4383 1162 4434 rc*
