3575 5334
687 681 720 735 de
737 682 818 751 alpha
835 681 977 738 intensivo.
1354 681 1391 742 61

273 854 382 921 Cicero
413 851 599 919 Considium
630 853 781 918 describit
811 860 846 917 ut
874 852 1105 918 macerrimum.
1149 853 1276 919 Tertius
1308 853 1397 920 doni-

273 972 332 1035 que
352 952 445 1016 iocus
468 949 523 1014 ubi
543 949 703 1015 intensive
731 950 897 1032 asprandir
919 952 1065 1033 usurpari
1091 950 1205 1015 dicitur
1233 951 1397 1017 obscurior

274 1056 319 1115 est
341 1068 381 1114 ac
402 1066 445 1113 ne
466 1046 619 1111 librorum
642 1047 771 1127 quidem
793 1066 902 1112 mscrr.
918 1048 1108 1113 auctoritate
1124 1048 1202 1113 satis
1225 1056 1338 1130 certus,
1361 1050 1395 1113 iu

273 1146 386 1229 quibus
413 1144 532 1226 iegitur
558 1146 762 1226 praeprandi.
807 1142 872 1209 Sed
900 1144 994 1209 facile
1021 1146 1179 1211 concedes
1205 1145 1291 1211 Pers.
1315 1147 1331 1210 Ι
1354 1150 1394 1211 96

273 1260 454 1326 compsisse:

355 1380 446 1423 arma
467 1358 587 1421 viruml
608 1379 709 1421 nonne
730 1358 789 1421 icoc
809 1379 994 1442 spumosum,
1018 1368 1050 1420 et
1070 1360 1187 1421 cortice
1205 1361 1318 1444 piapui

356 1466 393 1519 ut
412 1457 532 1518 ramale
553 1465 640 1518 vetus
662 1456 860 1539 veprandi
878 1456 989 1518 subere
1011 1452 1151 1518 coctum?

276 1586 485 1672 Opponuntur
505 1587 588 1652 inter
609 1605 645 1651 se
667 1586 730 1651 duo
752 1606 873 1669 genera
896 1586 1039 1651 dicendi:
1062 1607 1163 1668 genus
1185 1587 1341 1653 tumidum
1364 1595 1396 1655 et

274 1686 343 1751 leve
364 1704 404 1750 aa
425 1704 528 1767 genus
549 1684 673 1767 grande
696 1691 728 1749 et
749 1704 865 1767 grave,
892 1684 975 1774 illud
1004 1703 1075 1748 cum
1103 1685 1218 1749 subere
1238 1685 1395 1767 vegrandi

274 1781 292 1845 i.
324 1800 353 1846 e.
387 1782 493 1847 miuus
530 1780 662 1864 grandi,
698 1781 813 1846 humili
844 1788 1061 1865 eomparatur,
1104 1802 1168 1863 qua
1202 1781 1243 1847 de
1280 1783 1395 1850 arbore

275 1879 354 1943 Piin.
384 1879 417 1943 h.
442 1900 474 1943 n.
502 1877 582 1942 XVI
616 1882 645 1960 8,
682 1882 720 1943 13
756 1878 864 1941 suberi
893 1879 1020 1941 minima
1054 1877 1150 1941 arbor
1282 1890 1396 1943 cortem

275 1985 388 2038 lantum
417 1976 450 2037 in
468 1974 601 2057 fructu,
634 1996 840 2058 praecrassus
869 1998 906 2038 ac
933 1995 1099 2037 rcrrasccns
1128 1984 1220 2058 atquc
1249 1978 1341 2039 etiam
1363 1979 1394 2040 in

274 2072 366 2135 denos
390 2072 488 2155 pedes
509 2073 645 2156 undique
667 2074 864 2156 emplanutus.
909 2072 1047 2138 Jahnius
1075 2073 1231 2153 veprande
1256 2074 1397 2157 explicat

273 2170 350 2231 male
370 2169 492 2251 prande
508 2188 526 2235 e
541 2177 692 2234 consueta
707 2169 940 2253 interpretandi
958 2169 1093 2249 ratione,
1115 2187 1185 2232 cum
1209 2169 1397 2251 simpliciter

273 2266 482 2332 intentionem
511 2266 660 2332 extulerit
691 2267 888 2351 Porphyrius
917 2265 961 2330 ad
989 2267 1092 2329 locum
1122 2284 1214 2346 quem
1244 2265 1314 2347 jam
1342 2286 1396 2332 ex·

272 2362 459 2428 eminemus.
512 2362 595 2427 Nam
632 2384 731 2435 unum
766 2369 866 2428 restat
902 2363 1096 2445 adjectivum
1134 2361 1305 2445 vepallidus
1340 2383 1393 2446 ap.

272 2460 345 2525 Hor.
369 2466 429 2526 sat.
452 2461 468 2524 Ι
491 2462 520 2539 2,
547 2461 607 2523 129

353 2615 411 2657 acc
432 2614 552 2665 vercor,
576 2614 615 2656 ne
637 2594 707 2656 dum
720 2593 821 2676 fatuo
845 2596 894 2656 vir
915 2616 992 2657 rure
1013 2604 1167 2667 recurrat,

345 2691 452 2776 janua
464 2689 652 2772 franputum
676 2690 774 2753 latret
794 2694 887 2765 vcors,
911 2692 1046 2776 undiquc
1068 2713 1179 2776 mapno

352 2790 446 2873 pulsa
467 2788 575 2849 domus
595 2788 728 2871 strepitu
751 2799 883 2861 resonet,
907 2789 1112 2872 vepallida
1134 2789 1213 2852 lecto

272 2885 482 2951 ruadmunt
502 2886 622 2956 mulier,
646 2886 790 2947 miseram
812 2907 846 2947 se
868 2888 991 2949 conscia
1014 2888 1123 2949 clamet

354 2980 500 3045 cruribus
521 2981 598 3043 llaec
618 2990 737 3043 metuat
757 2982 826 3044 doti
846 2983 1007 3066 deprensa,
1031 2992 1153 3066 epomct
1173 2985 1223 3047 mi.

354 3117 393 3181 In
417 3115 578 3199 plerisque
600 3114 689 3180 libris
711 3136 785 3181 mss.
809 3124 858 3182 est
878 3139 915 3181 ve
934 3118 1056 3201 pallida
1077 3118 1145 3183 sive
1168 3117 1333 3200 vepallida,
1361 3118 1394 3182 in

268 3214 373 3280 tribus
388 3212 489 3278 Paris.
512 3232 596 3278 saec.
618 3212 650 3276 X
666 3218 698 3276 et
711 3213 760 3277 XI
782 3234 839 3275 voc
860 3213 992 3296 pallida.
1013 3214 1170 3296 Porphyr.
1194 3213 1244 3277 ed.
1269 3214 1394 3296 Meyer:

268 3310 397 3396 quidam
417 3318 571 3394 putarunt
592 3309 776 3393 nrcpallidam
798 3330 879 3372 nunc
901 3330 992 3371 unam
1016 3320 1140 3394 purtem
1163 3311 1330 3382 crumenis,
1362 3321 1398 3372 ut

268 3407 424 3491 asprandi
445 3404 556 3468 subere
578 3415 696 3468 coctum
720 3406 806 3490 quod
825 3407 872 3469 ait
891 3407 1021 3468 Persius
1042 3407 1189 3479 Flaccus,
1219 3416 1255 3468 ut
1276 3406 1396 3492 sipnifi·

269 3514 336 3568 cet:
368 3504 459 3567 valde
478 3503 600 3587 pallida
620 3524 657 3565 ve
679 3504 711 3579 (l.
735 3510 802 3582 vae)
826 3505 978 3566 imitativa
1000 3503 1184 3567 charactere
1205 3504 1334 3577 dictum,
1362 3514 1396 3567 ut

268 3602 327 3665 illa
344 3599 532 3685 perturbata
554 3601 663 3662 mariti
683 3600 814 3663 adventu
840 3601 921 3663 hunc
946 3602 1174 3664 lamentationis
1195 3621 1297 3663 vocem
1317 3622 1395 3684 pro·
1431 3641 1436 3649 ·

257 3697 368 3781 serat.
421 3697 514 3762 Hauc
549 3696 845 3779 interpretationem
881 3697 957 3763 ferri
989 3719 1054 3764 nou
1091 3718 1186 3781 posse
1219 3697 1396 3782 Bentleyus

267 3794 341 3859 sine
363 3794 461 3859 dubio
490 3793 655 3877 probavit,
687 3814 761 3859 nam
791 3795 866 3859 licet
887 3815 944 3856 vac
967 3795 1099 3873 demens,
1130 3816 1186 3857 vae
1210 3796 1305 3857 miser
1322 3795 1396 3879 jun·

267 3891 344 3956 ctim
367 3896 601 3971 construuntur,
624 3910 681 3952 voc
700 3891 838 3974 pallidus
858 3890 1028 3955 ridiculum
1051 3898 1145 3957 esset.
1193 3891 1258 3957 Sed
1280 3892 1397 3959 frustra

267 3988 356 4054 idern
386 3988 466 4054 satis
499 3992 695 4070 compertum
724 4008 796 4054 esse
824 3988 957 4069 negavit
988 4008 1023 4049 ve
1049 3988 1208 4071 particula
1238 3990 1396 4072 significa·

267 4086 391 4151 tionem
420 4086 531 4168 augeri
561 4095 659 4168 atque
685 4084 828 4165 intendi,
857 4084 994 4165 ideoque
1016 4086 1168 4150 correxit:
1206 4084 1395 4172 vepallida,

268 4201 383 4248 omues
410 4181 477 4248 iere
505 4183 699 4249 recentiores
728 4182 866 4248 editores
894 4180 1091 4263 adjectivum
1113 4179 1193 4244 illud
1223 4180 1396 4262 vepallidus

267 4277 467 4344 reduxerunt
492 4285 528 4344 ut
549 4279 767 4362 Heindoriius,
797 4278 1027 4358 Doederliuus,
1055 4278 1252 4357 Krnegerus‚
1282 4274 1396 4340 Kirch·
