3575 5334
751 420 784 476 de
802 422 885 491 alpha
902 422 1042 477 intensivo.
1418 416 1459 480 33

332 612 394 675 qua
423 592 589 659 notionem
621 592 743 658 nomini
776 593 871 658 alioui
900 592 1045 657 innatam
1074 592 1107 656 iu
1136 612 1174 658 oo
1202 611 1379 675 agnoscere
1406 612 1460 659 ve·

331 697 436 755 tamur
464 688 617 773 praefixo.
662 689 796 755 Talibus
823 690 1008 774 compositis
1037 710 1107 754 oum
1130 692 1184 755 vel
1205 691 1252 756 rei
1280 690 1377 756 alicui
1406 691 1458 757 val

332 789 550 855 observationi
585 786 619 852 id
655 785 739 869 quod
774 787 955 852 continetur
990 786 1120 852 nominc
1156 787 1329 853 convenire
1364 806 1459 870 nege·

331 906 419 967 mus,
454 907 520 951 non
550 904 621 949 raro
650 884 683 948 in
712 884 905 958 contrarium
933 883 1114 949 incidimus.
1159 883 1266 962 Quare
1294 904 1403 949 verum
1432 885 1459 951 si

332 982 475 1065 quaeris,
512 981 654 1066 praefixo
686 982 743 1047 illo
779 1001 821 1046 ne
850 982 987 1063 privatio
1018 980 1145 1063 quidem
1175 982 1363 1065 exprimitur
1396 1002 1460 1064 qua

333 1078 408 1161 quid
436 1079 570 1144 tollatur
596 1079 681 1162 quod
709 1078 838 1143 nomine
867 1079 1063 1159 continetur,
1093 1077 1151 1143 sed
1173 1079 1301 1144 reicitur
1322 1085 1460 1144 tantum-

333 1175 427 1242 modo
443 1176 542 1258 notio,
566 1178 635 1243 siva
657 1197 696 1243 ea
718 1176 838 1241 nomini
854 1176 985 1241 suberat
1000 1175 1068 1240 sive
1084 1195 1124 1240 ex
1141 1175 1276 1240 aliorum
1299 1178 1460 1242 sententia

332 1273 534 1339 admittenda
556 1280 624 1340 crat
645 1274 714 1340 sive
740 1273 920 1358 exspectari
943 1277 1056 1354 potest.
1093 1273 1266 1338 Praeterea
1288 1273 1459 1340 observan-

334 1370 408 1435 dum
431 1376 495 1451 est,
526 1370 602 1453 quid
625 1370 707 1435 illud
729 1371 770 1435 sit
798 1370 849 1436 cui
871 1388 988 1434 nomen
1011 1367 1152 1460 praefixo
1174 1370 1326 1453 negativo
1348 1370 1460 1436 addito

333 1474 525 1552 opponatur,
550 1474 652 1532 utrum
675 1474 857 1534 concretum
880 1467 922 1532 sit
943 1486 985 1530 an
1004 1465 1208 1548 abstractum,
1232 1475 1336 1532 utrum
1359 1468 1460 1549 quali-

332 1572 431 1630 tatem
454 1560 612 1648 signifioet
633 1584 676 1629 an
699 1584 776 1631 rem.
811 1565 901 1643 Quae
924 1562 952 1630 si
973 1563 1082 1628 omnia
1103 1564 1357 1647 meminerimus,
1385 1565 1460 1629 faci-

333 1664 396 1729 lius
427 1663 669 1745 intellegemus,
704 1663 862 1744 quomodo
886 1663 1061 1729 Grimmius
1090 1685 1129 1727 an
1157 1662 1335 1747 particulae
1363 1664 1458 1728 modo
1507 1734 1509 1737 ,

331 1760 496 1825 fortiorem
518 1760 614 1825 modo
639 1759 814 1841 leniorem,
844 1758 939 1824 modo
968 1780 1055 1825 mere
1082 1761 1264 1843 negativam
1287 1760 1383 1825 modo
1406 1760 1459 1826 de-

332 1857 534 1940 pravativam
557 1854 821 1937 significationem
844 1856 984 1923 tribuere
1006 1857 1153 1940 potuerit.
1186 1858 1294 1922 Pauca
1309 1858 1460 1940 exempla

331 1954 547 2037 proferantur.
1473 1968 1476 1972 ·

419 2049 594 2116 Gothicum
619 2049 769 2112 tcolultlza
798 2069 869 2115 cnm
903 2052 945 2115 ab
979 2050 1069 2115 initio
1098 2050 1180 2115 nihil
1213 2049 1369 2132 significet
1397 2050 1459 2115 nisi

332 2168 405 2215 eum
430 2146 472 2213 de
495 2166 557 2229 quo
578 2145 686 2209 tuttta
709 2145 903 2230 adjectivum
926 2147 1107 2231 praedicari
1128 2147 1248 2229 nequit,
1271 2146 1358 2212 haud
1381 2146 1459 2212 difli-

331 2246 436 2311 culter
457 2244 610 2311 transitus
632 2243 666 2308 fit
687 2242 730 2309 ad
753 2245 946 2308 contrarium
970 2265 1031 2327 qno
1053 2245 1105 2310 vel
1129 2245 1223 2309 homo
1246 2245 1298 2309 vel
1321 2245 1460 2309 daemon

330 2343 470 2408 infestus
492 2349 523 2408 et
545 2340 670 2407 hostilis
691 2341 860 2422 indicatur,
889 2346 924 2405 ut
950 2348 1093 2407 nostrum
1116 2362 1242 2424 quoque
1268 2341 1392 2404 [Inlotd
1418 2342 1459 2406 ab

331 2439 426 2504 initio
449 2438 530 2503 nihil
553 2437 642 2504 aliud
665 2444 713 2503 est
736 2437 798 2503 nisi
820 2438 907 2500 nicht
927 2437 1010 2503 hold.
1055 2438 1140 2517 Quid
1163 2438 1282 2520 igitur?
1305 2439 1332 2503 si
1354 2438 1461 2522 adjec-

331 2538 402 2602 tiva
424 2534 584 2618 quaedam
607 2535 640 2598 in
663 2535 724 2599 hoc
745 2540 899 2615 tanquam
923 2534 1031 2600 infimo
1059 2536 1190 2602 lenioris
1218 2535 1460 2618 significationis

329 2632 437 2717 gradu
460 2630 637 2697 subsistunt
658 2638 693 2696 ut
717 2631 863 2709 onochilo,
886 2632 998 2710 uallet,
1022 2632 1147 2716 colloq,
1169 2653 1278 2699 nonne
1298 2632 1460 2697 interdum

330 2738 366 2797 ut
397 2730 572 2796 Grimmius
601 2728 702 2794 voluit
729 2729 847 2816 malam
878 2728 1025 2795 duritiem
1056 2730 1200 2797 delenire
1227 2730 1378 2797 videntur
1405 2730 1461 2795 ad·

326 2827 523 2909 jectivorum
553 2825 702 2903 tanseat,
732 2824 889 2904 certarat,
924 2826 1075 2903 theclam,
1110 2827 1281 2891 dummodo
1309 2847 1380 2892 cum
1410 2827 1461 2891 his

331 2930 559 3007 comparentur
581 2922 633 2987 vel
656 2929 815 3004 ponantur
844 2923 898 2987 ubi
921 2924 1002 2988 haec
1024 2924 1209 3008 usurpanda
1231 2923 1347 2988 erant?
1394 2922 1461 3007 Sed

331 3028 443 3086 tamen
476 3018 674 3085 deminutiva
705 3019 738 3082 vi
773 3018 950 3102 praefixum
986 3041 1026 3081 nn
1058 3021 1092 3083 in
1125 3020 1175 3085 his
1206 3020 1363 3103 exemplis
1395 3039 1460 3084 non

333 3116 438 3199 magis
461 3124 549 3181 earet
571 3135 666 3197 quam
689 3114 722 3177 in
745 3114 907 3197 adjectivo
930 3116 986 3180 illo
1009 3116 1159 3178 untnltlo
1181 3117 1351 3182 intensiva.
1397 3118 1462 3181 An·

333 3215 452 3297 tiquius
479 3213 703 3280 Germanicum
734 3211 849 3274 nnerbo
872 3232 966 3277 nemo
987 3221 1073 3279 recte
1095 3214 1261 3296 intelleget
1282 3214 1344 3279 nisi
1371 3234 1462 3297 prae·

334 3317 488 3393 guantem
521 3310 655 3374 membri
683 3310 816 3375 alterius
845 3298 974 3376 sensum
1006 3316 1154 3377 accurate
1181 3309 1462 3379 animadverterit:

336 3408 408 3473 erbo
433 3408 575 3473 enimin
598 3407 658 3470 hoc
672 3408 829 3471 vocabulo
846 3414 894 3473 est
917 3408 1009 3473 heres
1032 3410 1105 3489 lege
1119 3409 1320 3488 constitutus,
1343 3410 1460 3474 anarbo

335 3504 430 3588 igitur
454 3524 527 3571 eum
551 3502 682 3569 denotat
704 3504 758 3585 qui
780 3511 896 3569 natura
917 3526 981 3570 non
1009 3512 1057 3570 est
1079 3504 1248 3570 hereditati
1272 3505 1460 3590 destinatus,

337 3602 428 3668 heres
469 3600 605 3666 alienus.
659 3600 706 3665 Ac
739 3601 999 3683 quandoquidem
1035 3602 1285 3686 uniuscujusque
1324 3606 1462 3671 nominis

337 3701 432 3781 plena
456 3698 507 3763 vis
529 3716 567 3761 ao
590 3696 675 3761 notio
699 3698 1004 3781 comprehendenda
1019 3705 1067 3765 est
1089 3700 1244 3783 neglectis
1266 3700 1363 3765 nullis
1386 3720 1462 3781 qua-

337 3795 477 3862 litatibus
502 3812 586 3876 quae
607 3813 672 3857 una
694 3794 835 3876 cogitari
848 3796 962 3876 solent,
986 3796 1103 3876 siquid
1126 3801 1234 3861 tamen
1251 3797 1343 3877 desit,
1366 3816 1461 3861 nemo

339 3892 503 3976 negaverit
532 3890 654 3955 nomini
682 3891 812 3956 omnino
841 3893 965 3956 nullum
994 3912 1065 3957 esse
1099 3893 1213 3958 locum.
1269 3893 1322 3957 Sic
1355 3892 1461 3956 medio

341 3991 416 4070 lund
440 3994 579 4055 vooatur
600 4006 680 4052 aevo
704 3992 804 4072 rnzwtp
829 3987 994 4053 dicebatur
1019 4010 1058 4055 ea
1085 3989 1315 4070 lomina-quac
1338 4008 1463 4052 summa

383 4090 497 4136 Curemus,
516 4085 610 4128 Studien
624 4087 680 4127 l'lll.
1242 4095 1257 4138 3
