3575 5334
748 693 781 748 de
799 676 881 762 alpha
899 694 1041 749 intensive.
1414 690 1453 753 89

331 865 384 930 καὶ
407 861 623 941 Σικελιώτας.
667 865 882 933 Doederlinus
910 885 1036 949 quoque
1062 864 1163 947 alpha
1190 866 1359 932 manifesto
1382 885 1455 932 esse

329 962 524 1028 intensivum
553 962 692 1044 0000011,
721 982 781 1029 000
808 970 917 1029 tamen
939 963 1054 1030 0011100
1078 965 1262 1045 exemplum
1292 970 1341 1029 est
1369 962 1454 1029 unde

331 1058 453 1125 discere
481 1060 641 1144 possimus
662 1078 726 1143 qua
747 1060 870 1128 ratione
892 1080 934 1126 ex
955 1060 1108 1144 negativa
1129 1060 1361 1143 signifieatione
1383 1081 1454 1145 pro-

330 1156 456 1222 fluxerit
484 1157 646 1230 intensiva
673 1178 756 1242 quae
779 1158 914 1223 videtur.
958 1159 1015 1225 Est
1037 1157 1139 1240 00101,
1170 1164 1205 1222 01
1230 1158 1313 1223 bene
1333 1158 1452 1223 Henni-

331 1255 429 1320 011000
464 1254 640 1336 intellexit,
674 1252 763 1339 hiup
789 1250 946 1335 ἆχύνετον
975 1276 1061 1337 aqua
1089 1274 1171 1336 quae
1199 1255 1359 1321 exhauriri
1388 1275 1453 1319 non

331 1358 444 1436 potest,
467 1351 675 1436 inexhausta,
704 1354 803 1437 plane
823 1360 859 1418 ut
880 1348 1030 1435 ἄβυσσος
1050 1352 1210 1433 9101111101.
1252 1352 1367 1434 Itaque
1387 1373 1454 1418 non

330 1447 424 1515 video
453 1468 510 1513 our
537 1450 719 1517 Lobeokius
747 1450 834 1534 path.
863 1450 904 1515 el.
932 1450 1011 1515 134
1040 1469 1145 1531 neque
1171 1450 1366 1516 intensivum
1393 1469 1454 1516 neo

330 1546 563 1629 pleonastiuum
587 1566 658 1614 esse
678 1547 815 1613 voluerit
836 1548 894 1613 sed
921 1548 1135 1613 formativum.
1179 1550 1230 1614 Αο
1253 1568 1368 1612 novum
1393 1547 1454 1612 hoo

331 1662 431 1725 genus
453 1644 666 1727 praefixorum
689 1645 1215 1711 0000001101100111001111οωυεῖ

415 1742 496 1807 Gum
518 1743 579 1807 hoo
600 1742 761 1827 adjeotivo
774 1739 933 1822 ἀχύνετος
954 1763 1169 1828 synonymum
1191 1750 1240 1809 est
1260 1741 1305 1827 νή
1313 1766 1453 1823 χοτος,

332 1839 415 1923 quod
444 1840 574 1923 saepius
601 1839 688 1923 apud
717 1846 831 1923 poetas
855 1842 1092 1905 Alexandrinos
1119 1841 1236 1922 legitur
1264 1842 1354 1906 velut
1383 1864 1452 1925 νηχ.

330 1934 422 2021 ὕδωρ
444 1938 552 2020 Apoll.
574 1938 678 2002 Rhod.
701 1939 838 2016 111330,
862 1938 977 2002 Philet.
999 1957 1051 2020 ap.
1071 1940 1121 2001 Et.
1136 1939 1178 2003 M.
1195 1942 1266 2017 602,
1290 1941 1341 2016 41,
1365 1933 1452 2022 ἅλμη
1577 2002 1580 2008 .

331 2036 438 2118 Apoll.
461 2035 566 2100 Rhod.
596 2035 640 2099 IV
665 2038 757 2115 1361,
787 2033 890 2118 ἱδρώς
921 2037 989 2099 Nie.
1018 2036 1111 2099 Alex.
1135 2038 1212 2114 600,
1242 2032 1349 2119 εὐρώς
1371 2035 1453 2101 Gall.

331 2134 386 2214 irg.
411 2136 492 2213 313,
523 2130 650 2208 κόλπος
672 2133 767 2196 Dion.
794 2133 828 2197 P.
855 2136 916 2197 126
938 2132 980 2195 al.
1003 2134 1023 2196 l.
1054 2133 1261 2196 Grammatini
1290 2132 1454 2214 explicent

332 2228 587 2310 πολύχυτος·
617 2226 656 2293 τὸ
685 2226 749 2313 γὰρ
771 2254 809 2315 νη
834 2230 891 2293 καὶ
915 2234 1072 2315 στέρησιν
1095 2233 1250 2310 σημαίνει
1274 2230 1329 2293 καὶ
1359 2228 1454 2294 tate

332 2348 462 2391 τασιν.
513 2327 548 2391 Si
575 2346 653 2392 vera
680 2334 755 2393 sunt
782 2346 864 2410 quae
890 2346 987 2409 supra
1014 2347 1045 2409 p.
1073 2332 1110 2389 14
1140 2326 1181 2391 de
1208 2326 1331 2407 origine
1358 2326 1454 2409 hujus

332 2424 465 2509 praefixi
488 2426 641 2506 suspicati
663 2444 781 2505 sumus,
804 2448 843 2510 νη
861 2425 985 2488 nullam
1006 2424 1104 2489 aliam
1127 2424 1225 2489 hahet
1239 2443 1335 2506 quam
1357 2443 1455 2505 nega·

332 2523 429 2587 tivam
458 2520 722 2603 significationem
751 2529 784 2590 et
811 2520 950 2608 νήχοτος
978 2521 1124 2588 similiter
1149 2520 1376 2605 explioanrlum
1404 2526 1455 2585 est

332 2625 365 2683 ut
393 2615 563 2699 ἄχύνοτος.
607 2618 646 2684 10
674 2620 789 2685 0010110
817 2626 924 2685 autem
953 2620 1118 2685 vocabulis
1151 2640 1234 2702 quae
1268 2620 1309 2684 ah
1338 2618 1454 2685 eadem

333 2717 488 2800 particula
515 2716 674 2799 inoipiunt
704 2716 794 2782 nulla
827 2716 966 2782 intensio
1001 2717 1141 2783 notionis
1175 2718 1364 2784 observatur
1395 2715 1454 2783 sed

332 2834 419 2881 mera
440 2816 571 2896 negatio
593 2819 628 2877 ut
656 2811 841 2901 νήριθμος,
865 2811 1042 2899 νήκεστος,
1071 2812 1272 2899 νήκοοστος,
1301 2810 1454 2901 νήνεμος,

334 2909 519 2998 νιμτενθής,
542 2908 714 2997 νήττοινος,
738 2908 888 2995 νήτιτος,
912 2916 1027 2996 νῆστις
1048 2912 1124 2977 alia.
1168 2913 1218 2977 Ex
1240 2913 1301 2977 1100
1322 2932 1453 2978 numero

334 3016 380 3075 est
414 3008 513 3074 etiam
541 3008 728 3074 adverbium
758 3012 992 3094 νητρεκέως
1021 3008 1041 3072 1.
1071 3029 1098 3074 0.
1129 3004 1297 3092 ἀτρεκέως
1328 3009 1362 3073 10
1391 3030 1454 3092 quo

333 3106 480 3171 nonnulli
507 3125 676 3189 perperam
704 3105 746 3171 de
774 3128 812 3189 νη
841 3105 1001 3170 intensive
1028 3106 1216 3187 eogitarunt.
1260 3106 1368 3171 Pauca
1388 3106 1455 3171 alia

333 3204 489 3270 vocabula
517 3222 600 3285 quae
627 3225 647 3268 a
675 3202 872 3268 Doederlino
901 3210 934 3267 et
960 3202 1150 3268 Henniokeo
1179 3203 1354 3267 afferuntur
1383 3222 1454 3283 par-

333 3303 387 3365 tim
409 3300 529 3366 dubiae
544 3300 675 3383 originis
697 3307 771 3365 sunt
791 3301 908 3382 partim
932 3320 996 3364 000
1012 3299 1188 3381 composita
1204 3299 1262 3364 sed
1284 3298 1453 3380 simplioia.

334 3399 384 3465 Sie
413 3397 649 3479 νωλεμέως,
678 3398 706 3464 01
734 3397 862 3480 quidem
892 3416 962 3466 oum
990 3396 1145 3463 adverbio
1174 3392 1283 3480 ἠρέμα
1305 3396 1455 3461 cohaeret

332 3494 475 3561 nondum
504 3496 665 3578 explicata
688 3518 713 3557 ω
736 3493 857 3575 venali,
887 3515 909 3559 a
934 3519 972 3580 νη
996 3493 1145 3576 negativo
1173 3493 1300 3577 incipit;
1329 3491 1454 3580 νήδυ-

333 3616 407 3673 μος
441 3592 708 3659 verisimillimum
742 3598 792 3657 est
825 3612 846 3657 a
878 3591 989 3657 radiee
1025 3592 1112 3656 nond
1142 3591 1325 3665 delectandi
1357 3610 1454 3660 sensu

334 3689 539 3771 descendere,
560 3697 596 3754 ut
616 3690 658 3760 sit
678 3690 878 3772 aptissimum
900 3691 1004 3755 somni
1022 3690 1197 3773 epitheton.
1237 3695 1272 3753 N
1275 3686 1454 3774 ηγάτεος

332 3794 404 3870 post
442 3787 629 3852 Buttmanni
664 3788 911 3870 explicationem
949 3788 1037 3853 lexil.
1066 3788 1082 3853 I
1116 3790 1176 3852 203
1213 3808 1279 3852 000
1316 3786 1456 3854 debebat

334 3884 548 3950 Doederlinus
577 3883 739 3963 dubitare,
773 3884 850 3967 quin
879 3885 921 3951 sit
953 3906 1011 3968 pro
1039 3882 1219 3970 νεηγάτεος
1246 3904 1380 3962 ,100000
1407 3883 1455 3949 fu·

332 3986 432 4062 01001,
454 3980 615 4047 modone
636 3983 690 4047 vel
711 3982 804 4047 metri
825 4001 923 4049 eausa
946 3981 1107 4069 νημάτεος
1129 4002 1187 4066 pro
1209 3979 1369 4066 νοήματος
1390 3977 1455 4044 diei

331 4087 509 4146 statuamus
538 4081 590 4144 vel
617 4079 758 4144 mirabili
779 4078 919 4161 quadam
943 4080 1113 4146 metathesi
1139 4079 1230 4146 illam
1257 4078 1391 4144 formam
1413 4092 1454 4140 ex

331 4176 393 4242 1100
413 4181 527 4242 natam
549 4194 622 4242 esse
644 4176 820 4259 opinemur.
864 4176 1079 4247 Doederlinus
1107 4202 1145 4262 νη
1175 4174 1366 4246 intensivum
1388 4188 1454 4236 000

329 4274 449 4340 rectius
473 4271 610 4355 agnovit·
634 4293 729 4355 quum
752 4274 973 4355 Aristar-onus,
1001 4293 1071 4339 oum
1094 4273 1268 4341 seeundum
1290 4267 1387 4340 001101,
1411 4267 1454 4332 ad
