3575 5334
414 703 475 764 278
927 696 1015 752 Cauer

412 876 611 959 amplissimo
633 878 791 956 apparatu
814 870 1033 954 exemplorum
1055 870 1231 949 illustrata,
1257 868 1314 935 sed
1336 869 1436 935 etiam
1457 868 1539 934 illud

402 964 516 1055 ‘magis
538 969 756 1037 confirmatum
780 975 836 1047 est,
860 967 945 1050 quod
964 966 1142 1049 Curtius,
1166 966 1278 1032 orcae
1293 971 1355 1033 476
1370 987 1417 1049 sq.
1442 975 1538 1034 statu-

414 1078 498 1152 erat,
527 1088 700 1151 numquam
729 1066 762 1130 iu
790 1066 901 1147 lingua
926 1064 1050 1131 Graeca
1070 1065 1140 1131 vice
1161 1085 1255 1131 versa
1276 1072 1406 1131 tenuem
1429 1086 1535 1131 conso-

413 1175 543 1233 nantem
580 1184 621 1230 ex
653 1164 797 1246 aspirata
828 1162 945 1227 factam
979 1182 1059 1228 esse.
1103 1163 1196 1227 aliter
1229 1169 1336 1227 autem
1368 1162 1402 1227 id
1436 1183 1535 1245 genus

413 1263 617 1347 aspirationis
650 1280 685 1325 se
718 1260 832 1335 babet,
870 1260 955 1340 quod
989 1259 1021 1323 in
1054 1258 1220 1324 vocalibus
1254 1266 1415 1338 versatur,
1455 1261 1535 1342 quod

414 1379 605 1445 quamquam
628 1359 669 1421 ab
691 1357 793 1421 altero
815 1356 997 1422 Roscherus
1018 1357 1065 1421 ita
1090 1357 1243 1437 seiunxit,
1274 1357 1413 1422 ut'illud
1437 1359 1535 1422 solum

413 1463 579 1536 tractaret,
610 1460 718 1519 tamen
746 1452 859 1519 eadem
888 1472 987 1518 causa
1015 1454 1171 1519 contineri
1199 1461 1453 1520 consentaneum
1482 1462 1536 1536 est,

414 1554 556 1639 quaein
585 1551 708 1617 duobus
737 1549 872 1617 diversis
904 1550 1076 1632 generibus
1108 1550 1236 1618 diversa
1268 1551 1419 1617 effecerit.
1465 1573 1536 1618 nam

414 1653 559 1736 spiritum
581 1668 729 1731 asperum
751 1648 784 1712 iu
806 1647 942 1729 singulis
962 1646 1107 1713 dialectis
1129 1656 1399 1731 praetermorem
1423 1657 1537 1715 cetera-

414 1770 484 1815 rum
506 1768 570 1814 non
593 1746 711 1826 solum,
742 1752 776 1809 ut
803 1746 1031 1827 aspirationem
1054 1747 1315 1825 consonantidtn,
1345 1745 1387 1812 de
1415 1747 1537 1829 integro
1589 1803 1593 1813 .

414 1845 579 1913 nonnullis
594 1843 726 1908 vocibus
741 1841 886 1907 additum
910 1859 981 1907 esse
1002 1840 1159 1926 videmus,
1182 1842 1240 1910 sed
1262 1843 1360 1909 etiam
1377 1852 1536 1910 servatum

413 1946 447 2009 iu
470 1940 685 2025 compluribus
700 1959 740 2006 ex
755 1938 978 2021 antiquissima
995 1947 1103 2008 aetate
1124 1941 1220 2007 totius
1240 1941 1371 2024 linguae
1387 1941 1537 2008 Graecae.

414 2059 518 2123 neque
540 2038 600 2103 hoo
622 2042 727 2120 potest
748 2037 862 2101 mirum
883 2036 986 2102 videri
1009 2038 1049 2121 ei,
1072 2039 1126 2121 qui
1148 2037 1328 2105 meminerit
1342 2036 1486 2106 Graecos
1507 2039 1537 2103 in

414 2136 665 2205 consonantibus
687 2133 862 2216 explosivis
883 2134 1058 2200 admodum
1080 2143 1210 2201 tenaces
1227 2133 1326 2201 luisse
1340 2135 1538 2219 antiquitatis

414 2256 519 2317 neque
554 2233 611 2298 ulli
643 2231 676 2297 in
714 2231 875 2314 plerisque
906 2251 1016 2297 earum
1049 2232 1155 2298 studio
1188 2231 1333 2297 mutandi
1365 2232 1538 2300 indulsisse

414 2340 540 2416 praeter
567 2331 672 2413 ipsum
700 2329 776 2409 boc,
806 2327 848 2393 de
876 2348 938 2410 quo
966 2329 1109 2411 agimus,
1140 2329 1360 2411 aspirationis,
1395 2330 1538 2413 spiritum

414 2438 519 2496 autem
542 2446 691 2510 asperum
706 2445 771 2488 nou
786 2425 952 2506 antiquum
967 2426 1098 2507 aliquod
1114 2435 1147 2493 et
1165 2427 1379 2493 inveteratum
1403 2429 1539 2494 elemen-

414 2534 480 2592 tum
502 2526 634 2607 linguae
656 2522 801 2588 Graecae
822 2520 935 2604 fuisse,
966 2523 1026 2588 sed
1052 2523 1169 2606 ubique
1192 2529 1293 2589 ortum
1317 2543 1388 2589 esse
1410 2524 1539 2591 interitu

415 2622 567 2705 spirantis
595 2620 729 2685 alicuius
757 2618 913 2701 paulatim
939 2619 1034 2684 facto.
1077 2621 1138 2685 hoc
1159 2620 1256 2703 igitur
1277 2620 1418 2685 studium
1443 2622 1538 2688 Grae·

414 2738 522 2783 corum
544 2737 639 2798 quam
662 2717 800 2782 maxime
826 2717 988 2800 proprium
1012 2716 1142 2783 delendi
1164 2719 1340 2801 spirantes,
1369 2725 1539 2801 postquam

415 2811 615 2880 debilitando
638 2813 679 2876 ad
702 2814 847 2895 spiritum
869 2833 1019 2896 asperum
1042 2815 1197 2897 pervenit,
1221 2834 1291 2880 cum
1314 2822 1478 2897 tamquam
1502 2816 1539 2881 de

414 2911 578 2995 proposito
607 2930 671 2974 nou
701 2909 885 2990 desisteret,
915 2908 1108 2976 δασυντικὸν
1136 2910 1217 2976 illud
1245 2911 1468 2978 adversarium
1496 2934 1540 2979 re·

415 3006 507 3091 perit.
550 3008 658 3090 itaque
680 3026 735 3087 ea,
765 3024 847 3089 quac
869 3027 957 3073 nnnc
981 3014 1125 3090 exstant,
1155 3009 1305 3074 insolitae
1335 3009 1539 3093 aspirationis

415 3105 564 3188 exempla
593 3103 731 3187 duplicis
758 3103 891 3184 originis
917 3123 989 3170 esse
1017 3112 1168 3188 possunt,
1198 3107 1225 3172 si
1254 3106 1382 3189 quidem
1412 3109 1540 3191 spiritus

414 3222 510 3286 asper
537 3209 592 3267 aut
619 3202 661 3267 ab
689 3202 791 3267 altero
818 3200 876 3265 illo
905 3200 1011 3267 studio
1037 3203 1182 3268 mutandi
1210 3204 1381 3269 imminens
1404 3206 1467 3271 sibi
1490 3227 1539 3273 ex-

414 3301 505 3366 itium
528 3299 641 3380 effugit
662 3306 718 3364 aut
739 3299 842 3364 altero
865 3306 1050 3380 procreatus
1073 3306 1130 3366 est.
1168 3301 1228 3366 hoc
1248 3300 1346 3383 igitur
1369 3302 1539 3370 discrimen

415 3399 449 3462 iu
472 3396 659 3464 enarrandis
681 3395 839 3477 exemplis
861 3395 977 3461 acriter
998 3397 1174 3465 tenendum
1196 3404 1254 3464 cst.

504 3499 531 3559 1.
575 3494 603 3558 Α
631 3492 829 3557 vocalium
859 3493 944 3558 enim
973 3493 1231 3576 aspiratione
1259 3496 1386 3561 initium
1415 3496 1538 3572 faciam,

416 3590 458 3656 dc
487 3610 550 3672 qua
580 3589 645 3671 egit
673 3588 850 3671 Curtius,
889 3589 1001 3655 Grdz.³
1023 3594 1085 3655 639
1100 3611 1169 3673 sqq.
1213 3590 1271 3657 sed
1304 3611 1376 3657 cum
1405 3593 1451 3657 ibi
1481 3594 1539 3658 duo

415 3689 482 3769 illa,
513 3685 689 3768 dequibus
712 3685 807 3750 modo
829 3686 908 3769 dixi,
940 3689 1159 3770 exemplorum
1182 3708 1302 3771 genera
1323 3689 1370 3754 ita
1391 3674 1540 3757 disiinota

416 3785 490 3864 sint,
514 3790 563 3865 ut,
594 3801 811 3865 quaecumque
833 3784 950 3849 alicubi
972 3785 1006 3851 in
1028 3785 1289 3870 inscriptionibus
1311 3786 1427 3854 Atticis
1450 3808 1540 3854 voca·

417 3882 495 3945 bula
509 3881 550 3945 ab
567 3881 592 3942 Η
607 3881 702 3945 litera
715 3880 880 3962 incipiant,
905 3902 953 3962 ea,
976 3882 1004 3948 si
1025 3884 1201 3965 antiquitus
1215 3884 1390 3967 spirantem
1406 3886 1538 3968 primam

416 3979 541 4043 literam
565 3979 750 4059 habuerint,
780 3978 872 4042 huius
894 3980 1063 4061 vestigium
1092 3980 1237 4063 spiritum
1259 4001 1408 4048 servasse
1429 3990 1541 4065 puteu-

416 4082 481 4156 tur,
516 4076 665 4157 quoniam
700 4077 849 4157 exempla
878 4096 918 4141 ex
946 4078 1057 4142 tabula
1086 4080 1149 4142 324
1177 4078 1277 4160 petita
1308 4098 1366 4160 per
1397 4099 1433 4145 se
1463 4079 1539 4144 nibil

416 4171 525 4236 valere
545 4192 643 4254 supra
665 4178 707 4254 (p.
730 4175 792 4236 238
808 4178 867 4254 sq.)
897 4174 979 4253 dixi,
1008 4174 1114 4240 faeere
1136 4195 1200 4239 non
1224 4194 1369 4258 possum,
1401 4179 1479 4259 quiu
1503 4197 1539 4244 ea

415 4273 539 4332 tantum
563 4269 720 4333 vocabula
742 4269 774 4332 in
804 4270 909 4351 priore
930 4271 986 4335 illo
1009 4292 1127 4353 genere
1149 4292 1284 4355 ponam,
1313 4272 1347 4336 in
1370 4273 1487 4355 quibus
1509 4279 1538 4341 et
