3575 5334
332 704 393 766 140
823 703 964 759 Merzdorf

417 882 534 968 γενεάς
563 886 578 950 Ι
602 889 620 948 7
649 884 677 947 V
701 883 741 948 28
764 903 853 965 saep.
876 902 943 948 auo.
973 886 1055 968 plur.
1078 883 1165 949 voois
1187 879 1301 969 γενεή,
1331 886 1422 969 cujus
1436 886 1459 970 j

327 983 398 1066 jam
432 981 662 1065 antiquissimis
694 981 891 1063 temporibus
924 982 1055 1049 evanuit
1087 981 1138 1060 (of.
1161 982 1274 1048 orma
1308 1004 1341 1066 p.
1366 988 1455 1068 556J3

333 1078 435 1146 ὀστέα
458 1082 473 1145 Ι
496 1084 547 1145 67.
570 1084 610 1145 68
642 1079 733 1144 1141
760 1079 842 1156 (bis).
866 1084 916 1144 75.
941 1084 980 1145 87
1016 1082 1064 1145 III
1090 1085 1128 1143 12
1156 1080 1206 1144 IX
1229 1083 1269 1145 83
1299 1077 1398 1160 (ὀστᾶ
1422 1080 1455 1156 C)

332 1179 373 1244 ad
414 1174 565 1262 do-ra-ju
605 1177 689 1242 redit
730 1176 855 1253 (Grdz.³
891 1198 922 1261 p.
955 1180 1036 1254 198).
1090 1177 1237 1258 Quodam
1273 1178 1371 1244 modo
1408 1180 1456 1245 bis

330 1277 462 1343 vooibus
484 1275 672 1358 adjungitur
694 1269 796 1357 έρτεα
818 1275 919 1356 1168,
943 1275 1029 1357 qnod
1051 1276 1183 1341 verbum
1206 1299 1222 1341 ι
1247 1295 1287 1342 ex
1301 1276 1326 1361 j
1347 1284 1455 1341 natum

332 1374 503 1440 ostendere
526 1374 651 1438 videtur
673 1372 712 1437 ol.
737 1369 856 1455 ὀριι-ς.
903 1373 1024 1439 Eodem
1047 1372 1142 1437 modo
1166 1370 1284 1449 ἰδέας
1307 1405 1346 1425 =
1367 1372 1455 1458 lajas

332 1472 383 1549 (uf.
406 1473 472 1536 skt.
494 1470 592 1553 ridja)
617 1471 660 1535 Vl
679 1465 748 1537 199.
775 1475 834 1536 199
858 1472 921 1536 buo
942 1469 1102 1553 traxerim,
1126 1471 1181 1535 nbi
1202 1471 1317 1537 iterum
1340 1496 1357 1538 ε
1382 1471 1458 1555 exj

332 1576 442 1633 natum
466 1576 514 1635 est
535 1569 586 1648 (oi.
609 1570 701 1650 Fiok,
727 1570 792 1651 vgl.
815 1570 991 1635 Wdrterb.²
1012 1590 1043 1651 p.
1070 1570 1152 1643 199).

419 1667 454 1731 B.
492 1666 581 1732 Inter
604 1691 619 1731 ε
643 1674 675 1731 et
696 1690 718 1729 α
740 1668 866 1749 spirans
889 1668 941 1732 vel
964 1667 1093 1731 omnino
1115 1688 1180 1731 non
1202 1667 1277 1750 init,
1300 1670 1354 1735 vel
1377 1687 1457 1751 quae

333 1762 436 1843 fuerit,
459 1764 613 1830 incertum
636 1772 694 1830 est.

418 1862 491 1927 Jam
514 1882 532 1927 e
556 1864 717 1945 prooemio
741 1864 854 1943 elucet,
881 1861 1075 1945 paucissima
1097 1863 1158 1926 huo
1179 1862 1324 1928 revocari
1346 1881 1458 1946 posse,

333 1966 407 2023 sunt
435 1967 540 2025 autem
569 1960 665 2026 baec:
703 1967 772 2025 tert.
796 1980 880 2043 pers.
903 1960 985 2043 plur.
1014 1979 1118 2042 praes.
1139 1958 1229 2042 impf.
1255 1960 1339 2026 med.
1369 1957 1456 2025 verbi

332 2053 484 2121 τιθέναι·
508 2063 735 2142 προτιθέαται
757 2059 772 2122 Ι
800 2062 857 2123 133
884 2058 957 2133 (bis)
979 2064 1090 2122 contra
1112 2062 1338 2138 προτίθενται
1361 2058 1396 2122 II
1418 2061 1456 2123 49

333 2155 378 2218 IV
401 2159 458 2236 26,
487 2161 647 2221 τιθέαται
672 2156 732 2220 Vll
759 2159 833 2236 119,
863 2155 918 2220 nbi
940 2154 1076 2219 alterurn
1098 2155 1243 2220 oodioum
1271 2175 1376 2237 genus
1398 2154 1457 2217 Pa

332 2252 467 2319 fortasse
496 2254 610 2318 melius
631 2258 768 2319 τίθεται
790 2253 922 2319 exhibet
950 2252 1001 2330 (oi.
1027 2253 1120 2318 Rred.
1143 2273 1174 2334 p.
1198 2256 1287 2331 334),
1318 2275 1457 2336 παρετι-

333 2354 441 2415 θέατο
464 2352 479 2415 Ι
506 2356 580 2434 119,
611 2348 756 2430 διλεάζω
785 2352 817 2415 ΙΙ
841 2355 880 2415 70
910 2372 980 2416 oum
1005 2350 1124 2431 δέλεαρ
1155 2350 1282 2423 tardas
1304 2351 1381 2428 223)
1410 2369 1458 2414 oo·

333 2447 483 2530 haerens;
529 2451 688 2531 quomodo
725 2453 843 2516 Aeoles
878 2449 913 2513 id
949 2450 1081 2516 verbum
1117 2447 1357 2531 pronuntiarint
1393 2467 1456 2511 non

332 2545 479 2627 traditur,
508 2545 541 2609 id
569 2552 679 2612 tamen
709 2568 749 2612 ex
772 2550 822 2612 nt.
845 2549 887 2613 M.
912 2550 983 2628 200,
1014 2549 1053 2611 27
1082 2542 1184 2630 βλήρ·
1212 2542 1391 2621 Αἰολικιῦς
1418 2541 1456 2606 τὸ

335 2640 454 2725 δέλεαρ
478 2667 507 2707 κ.
522 2668 551 2707 τ.
564 2643 591 2708 λ.
621 2650 653 2708 et
681 2664 721 2710 ex
751 2648 860 2728 glossa
888 2645 1096 2728 Hesychiana
1124 2650 1249 2710 constat
1274 2640 1395 2726 δέλεαρ
1423 2640 1456 2705 in

333 2739 481 2806 dialectis
504 2742 646 2807 variasse
669 2749 702 2807 et
721 2744 810 2826 apud
831 2745 949 2810 Aeoles
975 2748 1171 2809 eontraotum
1198 2742 1297 2807 fuisse
1320 2739 1360 2805 of.
1383 2740 1457 2804 Abr.

334 2842 412 2907 141
437 2842 469 2906 ΙΙ
494 2846 562 2907 193.

420 2936 542 3006 ὑπέατι
569 2941 615 3004 IV
638 2945 677 3005 70
707 2944 840 3015 (υπέατι
867 2938 933 3004 AB
940 2989 948 3017 ,
977 2933 1100 3004 Ιὑπέατι
1129 2938 1248 3017 Pde,
1279 2934 1459 3013 έπέατιθ)

335 3059 417 3122 qnae
448 3060 512 3105 vox
544 3039 676 3105 Aeolioo
709 3040 816 3106 colore
846 3038 962 3104 induta
993 3038 1091 3103 attioo
1128 3031 1250 3101 ὀπέατι
1281 3037 1459 3114 ,subulae“

333 3137 522 3222 respondet3
552 3137 734 3203 Lobeokius
756 3138 857 3221 paral.
883 3158 915 3220 p.
939 3138 990 3201 34.
1014 3140 1066 3217 35,
1094 3136 1183 3219 path.
1206 3135 1286 3217 prol.
1311 3136 1385 3199 218.
1409 3136 1458 3214 32,

335 3255 428 3318 quem
452 3235 593 3302 Steinius
622 3235 655 3300 in
679 3234 820 3301 editione
842 3234 994 3317 sequitur,
1024 3229 1147 3298 ὓπέατι
1169 3232 1265 3298 scribi
1286 3233 1376 3314 vult,·
1402 3229 1459 3296 sed

333 3353 447 3399 vereor
468 3353 510 3399 ne
533 3333 703 3413 erraverit,
735 3333 809 3415 quia
831 3332 928 3398 Iones
956 3332 1007 3397 vel
1030 3331 1228 3397 Herodotum
1250 3330 1347 3395 etiam
1370 3328 1460 3413 spiri·

335 3434 401 3494 tum
424 3431 530 3495 lenem
552 3431 765 3514 assumpsisse
786 3451 898 3513 parum
921 3430 989 3496 veri
1009 3429 1114 3494 simile
1129 3434 1193 3511 est3
1216 3432 1308 3493 extra
1322 3427 1461 3492 Aeolen·

335 3526 416 3594 sium
439 3528 524 3592 enim
540 3526 619 3593 fines
633 3518 806 3610 numquam
822 3553 840 3593 v
856 3527 970 3611 spiritu
991 3528 1059 3592 leni
1079 3527 1267 3592 instruetum
1282 3524 1461 3601 invenies⁸l

334 3633 463 3709 praeter
484 3625 629 3692 loorense
650 3621 750 3710 ὐδρία
773 3626 818 3703 (in
840 3626 888 3690 tit.
912 3625 988 3710 hyp.
1012 3646 1042 3689 v.
1065 3628 1118 3701 45)
1148 3627 1181 3689 et
1201 3622 1461 3704 antiquissimum

334 3724 416 3789 illud
438 3723 627 3806 Argivorum
646 3719 781 3789 Ὑνασία
809 3722 857 3803 (Ο.
879 3725 905 3788 Ι.
928 3725 976 3803 2),
1005 3722 1121 3804 quibus
1148 3723 1182 3786 in
1204 3721 1336 3786 vooibus
1358 3744 1378 3783 v
1401 3720 1462 3785 for-

282 3870 285 3875 .
336 3828 422 3887 tasse
444 3822 655 3904 antiquiorem
678 3841 791 3887 sonum
808 3842 827 3882 ιι
842 3820 1010 3903 signifieat.
1042 3818 1183 3884 Nomina
1204 3818 1336 3902 propria
1346 3814 1463 3884 'Oued-¹

335 3942 392 3983 ται
413 3923 601 4001 Χοιρεᾶται
626 3920 719 4002 V69,
746 3922 878 4002 Θυρέας
900 3919 981 4000 Ι82,
1004 3921 1156 4000 Χαιρέας
1179 3916 1223 3980 VI
1241 3920 1299 3980 191
1325 3934 1464 3983 oomme·

335 4036 461 4082 morare
482 4015 607 4082 s‘ulfioit.

406 4236 426 4298 ⁸)
453 4232 513 4286 Hoo
535 4232 616 4287 etiam
639 4249 700 4288 enm
722 4232 920 4303 physiologiae,
942 4247 1011 4300 qnae
1032 4236 1154 4299 vocatur,
1177 4230 1282 4299 legibus
1304 4232 1374 4287 bene
1398 4247 1464 4287 con·

336 4310 435 4366 sentire
451 4312 480 4365 in
497 4313 631 4390 colloquio
648 4315 818 4382 Brugmanns
835 4328 877 4367 me
894 4313 1006 4366 monuit.
