3575 5334
290 670 352 733 136
782 669 924 725 Merzdort

375 846 426 910 De
447 842 609 910 codicibus
632 861 804 924 eorumque
827 843 910 906 inter
932 860 967 906 se
990 840 1114 907 ratione
1136 842 1326 908 Steinianac
1348 862 1418 908 sen·

287 943 409 1009 tentiae
438 947 536 1006 totum
561 959 612 1005 mc
641 938 772 1020 addico;
806 937 963 1020 significat
990 938 1087 1021 igitur
1109 940 1139 1001 A
1162 940 1316 1022 optimum
1347 940 1416 1005 cod.

289 1039 386 1120 Med,
423 1038 456 1100 B
484 1045 625 1103 veterem
652 1037 831 1101 Romanum
859 1035 947 1100 illius
976 1042 1010 1099 ut
1039 1036 1121 1101 lacte
1150 1036 1241 1103 lactis
1267 1037 1415 1119 similem,

289 1137 342 1219 qui
365 1135 492 1201 codices
516 1134 702 1199 correcturis
725 1140 756 1198 et
784 1133 1102 1215 interpretationibus
1132 1154 1203 1199 raro
1225 1140 1350 1199 tantum
1372 1135 1417 1199 in-

289 1233 413 1315 quinati
434 1237 524 1313 suut;
553 1229 764 1306 CtFloreut.)
787 1230 820 1292 P
842 1230 1004 1307 (Parisiu.)
1027 1230 1059 1292 a
1081 1233 1266 1306 (Romanus)
1291 1232 1314 1294 d
1334 1232 1417 1307 (Flo-

289 1334 382 1405 rcnt.)
407 1328 501 1395 certis
517 1328 708 1410 quibusdam
724 1328 1015 1402 „correctionibus“
1030 1328 1082 1392 vel
1106 1329 1211 1411 potius
1229 1328 1417 1412 corruptelis

288 1427 333 1493 ad
348 1427 521 1492 dialectum
543 1424 777 1509 pertinentibus
794 1425 902 1489 referti
920 1432 1010 1508 suut;
1034 1426 1153 1491 nullius
1173 1426 1241 1492 iere
1263 1426 1417 1491 momenti

289 1531 364 1591 sunt
379 1545 398 1607 q
416 1522 575 1600 (Parisin.)
590 1545 606 1584 s
621 1521 829 1603 (Cantabrig.)
844 1524 861 1587 b
878 1522 1016 1600 (Venet.)
1039 1545 1059 1584 z
1083 1522 1237 1600 (Aldina).
1269 1523 1417 1590 Ceterum

289 1621 329 1687 of.
353 1620 467 1687 Steinii
490 1618 722 1702 praefationem
744 1639 776 1701 p.
801 1618 987 1683 V-XLIV.

578 2106 803 2183 CAPUT
844 2108 1126 2185 PRIMUM.

655 2273 706 2326 nn
726 2290 737 2325 ι
755 2272 891 2327 narona
913 2272 1053 2329 vocam.

351 2514 353 2518 Ι
376 2428 426 2492 Ab
449 2428 509 2492 bac
532 2428 646 2508 vocali,
670 2448 734 2492 non
757 2429 798 2493 ab
814 2416 902 2495 c'vel
919 2454 936 2493 o
956 2437 1126 2514 propterea
1148 2431 1307 2512 exordior,
1331 2430 1416 2515 quod

289 2525 430 2590 maxime
463 2523 562 2606 priori
596 2546 611 2587 ε
646 2525 833 2607 saepissime
870 2534 997 2592 servato
1031 2547 1071 2593 ea
1097 2529 1269 2595 sententia
1308 2528 1416 2596 deberi

289 2621 432 2702 videtur,
481 2640 545 2701 qua
581 2621 675 2687 lones
712 2623 870 2687 vocalium
908 2626 1160 2691 concurrentium
1204 2627 1416 2693 amantissimi

289 2717 388 2783 fuisse
410 2718 627 2800 perhibentur.
668 2812 674 2823 .

770 2893 789 2970 ξ
815 2896 841 2955 1.
887 2914 943 2955 εα.

376 3020 465 3087 Haec
501 3023 682 3106 conjunctio
719 3025 874 3091 vocalicia
911 3046 1073 3109 nunquam
1110 3026 1176 3091 fere
1209 3029 1416 3111 contrahitur,

290 3117 348 3183 sed
372 3138 498 3202 semper
519 3121 640 3186 intacta
663 3129 817 3187 remanet.

311 3231 313 3235 ·
368 3211 413 3280 Ἀ.
449 3217 538 3282 Inter
560 3241 575 3282 ε
600 3227 632 3284 et
654 3243 675 3282 α
697 3221 823 3302 spirans
845 3221 1004 3303 quaedam
1028 3221 1167 3286 evanuit.

374 3318 406 3387 a)
428 3335 452 3374 s.

374 3408 445 3473 Huc
471 3411 648 3494 pertinent,
680 3421 756 3479 ante
785 3414 893 3478 omnia
921 3413 1206 3496 commemorandi,
1240 3418 1415 3484 accusativi

289 3504 461 3586 singularis
484 3509 667 3590 masculini,
691 3512 879 3576 nominativi
902 3514 1037 3596 pluralis
1059 3513 1218 3593 neutrius,
1241 3517 1414 3584 accusativi

289 3600 424 3683 pluralis
462 3602 603 3685 cujusvis
638 3607 766 3688 generis
802 3609 947 3692 stirpium
980 3610 1013 3674 in
1046 3632 1062 3671 s
1095 3610 1295 3694 exeuntium,
1334 3633 1416 3695 quae

287 3704 414 3778 tamen,
443 3704 478 3763 ut
499 3700 595 3766 ctiam
619 3702 713 3786 Greg.
739 3703 809 3770 Gor.
833 3728 865 3789 p.
889 3709 961 3786 392,
984 3725 1117 3788 gramm.
1140 3708 1272 3772 Meerm.
1295 3730 1328 3792 p.
1353 3715 1413 3776 652

288 3800 375 3860 recte
396 3794 527 3879 docent,
558 3819 622 3863 non
646 3801 748 3864 solum
772 3802 877 3867 bisin
900 3805 1042 3883 casibus,
1066 3803 1124 3869 sed
1147 3824 1275 3888 semper
1296 3805 1414 3872 formas

288 3890 409 3957 solutas
431 3898 600 3972 servant⁴).
641 3898 754 3979 Itaque
777 3919 903 3983 semper
926 3897 1063 3980 εὐτυχέα
1085 3901 1168 3982 132,
1189 3895 1414 3988 Ἱπποκράτεα

356 4089 377 4152 ⁴)
404 4087 478 4156 Quae
496 4089 664 4144 substantiva
681 4092 753 4148 inter
770 4095 896 4162 primam,
922 4112 991 4165 quae
1008 4096 1172 4165 nominatur,
1195 4103 1223 4153 et
1239 4100 1350 4154 tertiam
1367 4102 1412 4156 de·

289 4166 460 4221 clinationem
477 4167 625 4235 fluctuent,
644 4173 745 4242 quippe
763 4190 893 4242 quaeres
912 4191 929 4230 a
947 4193 1005 4233 meo
1023 4179 1163 4247 proposito
1182 4179 1273 4235 aliena
1292 4181 1341 4248 sit,
1360 4196 1412 4236 non

288 4261 364 4301 curo.
383 4247 417 4300 cf.
436 4248 515 4303 Bred.
535 4266 561 4319 p.
581 4254 697 4320 itusqu.
