3575 5334
331 718 394 781 338
528 714 530 716 ’
828 718 974 773 Bechstein

418 894 512 959 Nunc
532 892 567 956 id
594 890 735 956 maxime
761 891 946 972 requiritur,
977 899 1010 955 ut
1036 891 1171 956 materia
1195 889 1338 972 undique
1360 890 1460 954 allata

332 992 495 1075 singulae,
529 1008 610 1072 quae
632 989 694 1053 huc
718 990 888 1070 pertinent,
913 988 1116 1071 quaestiones
1138 995 1323 1053 tractentur.
1367 987 1459 1065 Quod

329 1091 428 1155 unius
443 1088 503 1154 viri
525 1088 684 1152 industria
699 1105 737 1150 ac
753 1086 923 1167 diligentia
940 1086 1066 1151 absolvi
1080 1106 1145 1149 non
1169 1105 1264 1168 posse
1279 1086 1307 1150 is
1323 1086 1459 1150 maxime

333 1188 511 1267 intellegat,
535 1186 589 1267 qui
610 1185 693 1248 latas
717 1190 749 1248 et
771 1183 904 1248 diffusas
926 1184 1020 1266 hujus
1042 1183 1128 1248 modi
1152 1184 1356 1266 quaestiones
1375 1184 1460 1247 insti·

332 1284 436 1349 tuerit.
483 1282 540 1347 Cui
569 1282 615 1346 rei
638 1281 787 1362 quoniam
819 1300 918 1364 opera
947 1281 1058 1345 danda
1081 1287 1130 1347 est
1153 1281 1261 1345 multis
1284 1281 1395 1362 eisque
1413 1279 1460 1360 ju·

332 1381 478 1462 venibus‚
503 1386 536 1443 ut
551 1378 685 1444 materia
706 1385 902 1462 apportetur,
927 1399 990 1461 qua
1012 1378 1202 1444 architectus
1217 1377 1348 1459 quidam
1373 1376 1460 1459 quasi

275 1513 277 1518 ·
335 1498 415 1562 opus
437 1476 638 1561 magnificum
668 1475 825 1555 aedificet,
850 1496 910 1559 ego
933 1496 1069 1559 quoque,
1094 1475 1147 1557 qni
1169 1478 1273 1558 prima
1296 1493 1460 1540 exerceam

333 1575 441 1642 studia
469 1573 628 1654 literaria,
663 1573 843 1657 symbolam
873 1575 925 1639 vel
961 1575 1126 1639 minimam
1161 1573 1351 1652 collaturus,
1386 1571 1459 1635 mibi

335 1673 505 1756 proposui,
534 1678 570 1736 ut
598 1670 770 1735 scriberem
805 1672 848 1733 de
877 1672 1039 1755 lingone
1068 1671 1221 1733 latinae
1241 1668 1462 1732 nominibus

335 1768 516 1851 sassa'ais
539 1778 621 1830 cat·
651 1778 682 1830 ct
703 1770 823 1830 mino·
842 1769 1010 1851 formatio.
1055 1770 1094 1833 Iu
1126 1789 1189 1833 una
1221 1770 1332 1850 lingua
1363 1786 1462 1849 eaque

336 1867 438 1931 latina
460 1886 591 1949 operam
614 1865 835 1929 collocandam
862 1886 934 1931 esse
955 1868 1073 1948 censui,
1097 1887 1148 1947 ne,
1172 1886 1242 1931 cum
1266 1886 1324 1948 per
1346 1865 1462 1929 multas

335 1984 487 2046 vagarer,
515 1970 645 2046 propter
666 1962 867 2028 inscientiam
890 1967 1004 2048 parum
1026 1972 1174 2029 accurate
1196 1982 1293 2046 agere
1316 1981 1462 2046 cogerer3

336 2061 393 2126 sed
416 2066 451 2125 ut
474 2067 611 2138 ceteras,
637 2080 720 2143 quae
742 2068 898 2142 cognatae
919 2068 1003 2144 sunt,
1025 2062 1154 2145 linguas
1176 2061 1267 2144 qnasi
1290 2060 1462 2143 adjutrices

336 2165 368 2224 et
396 2157 586 2241 interpretes
608 2158 811 2240 adhiberem,
841 2158 949 2241 quoad
976 2160 1045 2225 fieri
1068 2165 1189 2241 potest,
1220 2178 1346 2223 summa
1369 2176 1463 2241 opera

279 2318 282 2323 .
339 2256 447 2321 enisus
470 2277 550 2321 sum.

421 2354 535 2436 Neque
555 2375 632 2420 vero
665 2354 699 2419 in
723 2354 830 2419 omnia
859 2354 992 2419 nomina
1021 2353 1152 2435 duobus¹
1173 2353 1239 2417 illis
1269 2351 1393 2416 suffixis
1420 2351 1464 2414 in-

338 2458 458 2516 structa
487 2451 696 2532 inquisiturus
724 2472 809 2533 sum,
840 2452 898 2517 sed
926 2450 967 2516 de
989 2450 1127 2533 quodam
1153 2456 1278 2514 tantum
1301 2449 1462 2514 nominum

336 2550 369 2613 in
393 2559 459 2610 ent·
482 2554 514 2613 et
538 2550 636 2610 mireo·
661 2568 779 2630 genere
802 2548 909 2614 dicere
937 2548 1067 2613 institui.
1114 2547 1253 2612 Nomina
1282 2547 1354 2611 dico
1385 2565 1463 2630 quae

336 2645 402 2710 illis
426 2644 547 2710 suffixis
570 2645 674 2711 efficta
696 2646 865 2728 participia
886 2646 1046 2712 habentur
1068 2681 1109 2690 —
1131 2645 1211 2710 baec
1233 2645 1321 2711 enim
1350 2643 1462 2709 suffixa

337 2743 369 2806 in
395 2743 569 2824 participia
596 2741 765 2808 formanda
793 2743 998 2808 conferuntur
1020 2780 1061 2789 —
1083 2744 1252 2808 verborum
1278 2749 1311 2807 et
1333 2740 1462 2825 primiti·
1488 2800 1491 2812 ,

338 2860 450 2903 vorum
479 2846 510 2904 et
539 2839 768 2922 derivatorum,
800 2841 937 2922 quaein
960 2860 1107 2907 sennone
1128 2842 1230 2905 latino
1253 2839 1315 2906 nisi
1338 2838 1462 2922 partici-

338 2937 417 3019 piali
440 2936 542 3001 forma
563 2959 628 3003 non
649 2938 866 3003 inveniuntur.

423 3036 527 3117 Atque
549 3034 582 3099 in
606 3036 710 3119 prima
733 3036 1027 3120 disputatiunculae
1048 3048 1139 3119 parte
1161 3036 1307 3119 quaestio
1329 3034 1387 3100 fiat

381 3323 383 3328 .
424 3274 449 3337 I.
480 3275 538 3338 Du
561 3267 803 3341 NOMINIBUS
826 3272 1013 3340 SUFFIXO
1037 3275 1126 3339 ENT
1148 3272 1379 3339 FORMATIS.

425 3424 612 3512 Priusquam
635 3446 711 3491 vero
733 3446 801 3491 rem
823 3426 928 3509 ipsam
950 3426 1185 3509 aggrediamur,
1208 3426 1297 3491 haud
1323 3426 1459 3491 alienum

339 3520 468 3585 videtur
490 3541 571 3602 esse,
594 3523 752 3605 quomodo
775 3522 922 3589 suffixum
939 3534 991 3585 ent
1005 3523 1156 3589 formetur
1177 3526 1286 3607 atque,
1297 3531 1461 3608 usurpetur

318 3621 372 3683 ¹in
396 3618 529 3701 singulis
552 3619 671 3702 linguis
694 3640 859 3704 quaerere.

426 3718 472 3780 Ac
495 3716 629 3798 primum
653 3719 782 3800 quidem
805 3719 936 3801 linguae
958 3719 1148 3801 sanseritae,
1178 3739 1272 3801 quam
1296 3719 1388 3802 quasi
1414 3738 1461 3784 ex·

340 3817 551 3900 planatrioem
568 3817 601 3880 in
618 3818 822 3898 quaestiones
836 3816 1062 3898 grammaticas
1077 3815 1293 3881 instituendas
1305 3835 1460 3893 vocamus,

341 3914 441 3978 verba
464 3913 608 3979 distribui
632 3916 739 3979 solent
752 3914 867 3979 indicis
888 3913 1104 3997 grammaticis
1126 3912 1308 3979 auctoribus
1331 3915 1365 3978 in
1388 3914 1461 3977 duas

342 4011 600 4095 conjugationes,
630 4032 713 4093 quae
735 4011 780 4076 ita
807 4017 880 4075 sunt
904 4011 1089 4094 distinctae,
1112 4017 1147 4074 ut
1168 4011 1411 4076 terminationes
1431 4010 1460 4072 in

339 4110 444 4175 altera
466 4130 536 4174 cum
559 4109 672 4192 stirpe,
697 4109 818 4191 vocali,
842 4128 924 4190 quae
951 4108 1075 4187 dicitur,
1099 4109 1272 4174 thematica
1295 4110 1410 4188 aucta,
1431 4106 1461 4169 in

341 4206 444 4279 altera
466 4226 536 4271 cum
558 4206 631 4289 ipsa
652 4207 752 4288 stirpe
774 4206 1019 4288 conjungantur.
1055 4206 1092 4271 In
1115 4205 1221 4289 priore
1243 4205 1341 4286 igitur
1363 4205 1463 4270 classe

341 4303 463 4395 vocalis
490 4303 594 4370 suffixi
625 4312 679 4364 ont
706 4302 844 4383 eliditur,
874 4304 909 4367 in
937 4305 998 4368 bac
1023 4303 1170 4369 suffixum
1196 4303 1357 4385 integrum
1380 4300 1462 4368 etin
