3575 5334
385 704 418 757 dc
435 702 588 759 nominibus
607 701 766 757 suffixorum
785 709 840 755 eat·
858 705 886 755 ct
903 702 989 755 mino·
1007 715 1058 769 ope
1075 699 1206 754 formatis.
1310 696 1373 757 349

245 877 323 960 phil.
347 876 503 941 bonnens.
526 895 557 958 p.
582 879 659 958 2763
688 873 820 957 grundn.
849 895 880 956 p.
906 876 1002 946 367⁴)
1026 879 1107 955 part.
1130 892 1235 956 praes.
1262 876 1371 960 stirpis

245 976 294 1037 loo
331 980 438 1057 putat,
488 992 570 1054 quae
609 974 694 1039 inest
735 973 768 1037 in
808 972 974 1036 vocabulis
1014 972 1109 1033 locos
1153 978 1211 1053 lgr.
1252 972 1370 1056 λοξός),

246 1074 362 1135 lucrare
391 1075 448 1152 (gr.
473 1068 615 1150 λοξοῦν),
639 1072 767 1132 lio-mus
793 1076 976 1142 (curvatus).
1020 1067 1149 1131 Lacuna
1171 1069 1266 1151 igitur
1288 1090 1372 1136 com-

246 1169 353 1253 parari
381 1174 488 1251 potest
516 1168 629 1233 sabino
659 1168 762 1230 laculo
791 1172 855 1250 (ap.
880 1165 971 1230 Varr.
1000 1167 1022 1229 l.
1045 1166 1066 1230 l.
1094 1167 1130 1245 V,
1155 1170 1211 1246 22,
1241 1171 1261 1249 ς
1287 1173 1369 1252 107),

247 1268 331 1349 quod
362 1265 462 1332 edulii
493 1285 596 1347 genus
623 1286 683 1330 nos
713 1264 898 1341 „bretzeln“
928 1282 1044 1329 vocare
1072 1266 1220 1330 solemus.
1250 1302 1291 1311 -
1320 1268 1371 1333 Dc

244 1364 392 1430 vocalia
411 1364 482 1446 jam
504 1382 602 1445 supra
624 1370 667 1445 lp.
692 1365 766 1437 340)
791 1362 891 1429 verba
913 1369 987 1426 sunt
1008 1363 1101 1427 tacta.
1149 1363 1269 1428 Eodem
1298 1364 1370 1429 loeo
1459 1430 1463 1436 ,

245 1470 276 1528 et
296 1462 450 1528 thematis
473 1468 504 1525 et
526 1459 631 1525 suffixi
646 1461 775 1525 vocales
791 1460 1029 1525 accuratissime
1044 1460 1127 1525 inter
1145 1480 1180 1525 se
1195 1479 1370 1543 congruere

244 1560 399 1624 monitum
433 1564 491 1624 est.
535 1558 639 1637 Quum
668 1558 764 1640 igitur
791 1558 938 1622 vocabuli
969 1558 1091 1639 lacoras,
1126 1558 1211 1622 unde
1241 1557 1368 1623 ductum

245 1655 464 1738 sit,'verbum
486 1677 551 1721 uon
574 1662 693 1737 exstet,
725 1654 854 1720 difficile
877 1661 925 1720 est
948 1654 1050 1737 dictu,
1082 1675 1219 1737 quonam
1248 1663 1372 1738 spectet
1495 1704 1497 1708 -

245 1754 382 1832 vocalis,
412 1760 516 1818 utrum
539 1753 581 1818 ad
604 1752 750 1818 suffixum
782 1756 828 1829 (ut
854 1753 887 1816 in
918 1762 1036 1826 e-oor;
1066 1761 1232 1837 quo-unt),
1261 1774 1304 1818 an
1326 1753 1370 1818 ad

244 1853 375 1935 stirpem
398 1851 500 1922 (utin
523 1850 795 1924 ool-a-at-orr'a-o,
824 1851 1004 1928 oola-alos).
1049 1853 1118 1933 Ego
1147 1850 1276 1932 quidem
1300 1871 1369 1917 roo.

245 1950 351 2011 luccas
381 1970 445 2014 non
472 1949 536 2014 alio
567 1948 662 2013 modo
689 1966 760 2012 esse
788 1946 958 2011 formatum
984 1967 1115 2029 censeo,
1151 1968 1214 2030 quo
1238 1948 1370 2021 colona,

243 2052 277 2111 ut
300 2046 422 2111 vocalis
444 2067 464 2107 a
487 2046 528 2111 sit
549 2046 670 2111 vocalis
696 2044 878 2109 thematioa.
923 2045 1036 2126 Neque
1058 2064 1134 2111 vero
1163 2045 1292 2110 silentio
1321 2055 1372 2111 est

243 2143 560 2227 praetermittendum
596 2162 638 2208 ne
674 2144 808 2207 alteram
839 2141 971 2227 ¹quidem
1008 2142 1165 2206 rationem
1201 2163 1222 2207 a
1257 2144 1370 2225 lingua

243 2241 345 2306 latina
373 2241 560 2317 abhorrere,
594 2259 676 2323 quae
705 2258 756 2303 res
784 2240 830 2304 cis
852 2239 1018 2304 vocabulis
1040 2238 1256 2322 confirmatur,
1286 2260 1369 2323 quae

242 2338 327 2403 intra
356 2358 381 2403 s.
410 2345 432 2403 t.
456 2340 504 2420 ΙΙ,
535 2343 548 2401 1
585 2335 821 2402 tractabuntur:
858 2356 898 2401 ex
927 2336 1041 2418 quibus
1072 2337 1220 2402 afferam:
1262 2339 1370 2399 termi-

241 2456 307 2507 nus,
320 2434 458 2518 semina.

328 2533 519 2596 Fleaaatec:
552 2532 636 2616 quod
665 2532 797 2597 verbum
826 2531 913 2597 unde
941 2532 1068 2597 ductum
1099 2534 1155 2615 sit,
1190 2536 1296 2599 nescio
1325 2556 1369 2600 an

240 2632 307 2697 illis
329 2632 514 2707 illustretur,
538 2650 621 2714 quae
636 2630 766 2695 Servius
788 2630 831 2695 ad
846 2629 946 2695 rerba
960 2630 1093 2713 Vergilii
1117 2633 1198 2697 Aen.
1213 2632 1271 2714 IX,
1289 2635 1365 2697 606:

241 2729 392 2806 „flectere
413 2728 508 2793 ludus
524 2732 644 2810 equos“
660 2728 836 2798 annotavit.
874 2728 959 2792 Dicit
975 2728 1075 2793 enim:
1098 2729 1247 2805 „flectere
1261 2738 1368 2796 autem

240 2828 373 2909 antiquo
396 2826 495 2893 verbo
518 2847 593 2891 usus
616 2832 680 2905 est;
704 2846 778 2890 narn
803 2826 926 2912 equites
948 2825 1035 2909 apud
1053 2833 1178 2892 veteres
1193 2829 1369 2895 Flexuntcs

240 2925 454 3005 vocabantur,
478 2924 558 2989 siout
579 2922 626 2988 ait
647 2921 781 2987 Varro.“
825 2922 1005 2985 Fleaontar
1027 2924 1123 3005 igitur
1146 2925 1173 2989 ei
1197 2931 1283 3007 sunt,
1314 2925 1367 3007 qui

241 3042 342 3105 equos
368 3020 507 3103 flectunt,
535 3021 675 3102 agitant:
707 3020 839 3102 equites.
884 3020 956 3098 Qua
980 3021 1129 3085 vocabuli
1155 3023 1369 3101 originatione

240 3139 317 3185 nsus
340 3119 381 3184 sit
397 3117 536 3184 Granius
559 3118 745 3183 Licinianus
768 3118 812 3194 (in
834 3117 904 3181 loco
927 3118 983 3180 illo
1006 3136 1025 3180 a
1047 3124 1102 3181 ten
1119 3118 1252 3182 Brinkio
1275 3118 1368 3183 resti·

240 3224 308 3282 tuto
337 3216 454 3280 Philol.
478 3216 577 3293 XXI,
609 3236 640 3299 p.
669 3219 727 3279 167
744 3220 803 3296 sq.)
813 3262 820 3294 ,
851 3234 948 3295 quum
977 3213 1078 3277 dicat:
1122 3216 1318 3291 „Flexuntes
1347 3235 1367 3280 a

239 3333 360 3397 genere
381 3313 553 3397 pensilium
577 3313 781 3396 corrigiarum
800 3310 960 3375 vocabant
974 3318 1116 3391 veteres,
1141 3332 1219 3395 quos
1235 3312 1367 3376 Homeri

241 3412 361 3477 Nestor
382 3406 513 3492 βοείους
530 3409 668 3492 ἱμάντας
691 3410 799 3491 dioit‚“
822 3430 886 3473 non
910 3409 989 3473 satis
1012 3414 1061 3473 est
1084 3408 1268 3474 dilucidum.
1305 3410 1366 3475 Vo-

240 3508 311 3573 oab.
352 3527 429 3573 vero
462 3508 629 3595 floauuter
665 3507 790 3573 videtur
827 3513 908 3590 part.
942 3525 1046 3588 praes.
1086 3507 1176 3572 verbi
1215 3505 1367 3594 *floruero

239 3626 296 3688 pro
329 3606 455 3688 vulgari
486 3605 631 3692 flectere,
671 3605 758 3670 unde
798 3604 998 3669 derivantur:
1040 3603 1164 3689 flexio,
1195 3604 1364 3692 fleoibiltr,

232 3702 372 3789 flexilis.
402 3704 519 3769 Forma
541 3703 721 3777 Flenteotca
745 3721 920 3784 quaecum
944 3701 1118 3764 Flooeuatcc
1140 3702 1253 3768 eodem
1269 3702 1366 3767 modo

239 3801 408 3881 confertur,
431 3821 493 3882 quo
508 3801 626 3863 voleat·
644 3820 713 3864 cum
733 3800 854 3862 volont-
878 3799 1107 3872 (collari-oriar,
1134 3802 1297 3876 coluntur),
1319 3800 1365 3865 la-

239 3904 306 3964 tere
334 3897 463 3964 videtur
494 3898 527 3962 in
556 3898 612 3963 illo
644 3895 815 3980 Hesychii:
860 3894 1070 3979 Φλεξεντιής·
1112 3896 1233 3982 ἱππικὴ
1272 3895 1365 3975 τάξις

222 3993 333 4075 ’παρὰ
349 3989 528 4076 Ῥωμαίοις,
553 3996 606 4060 ubi
631 4016 688 4079 pro
705 3992 946 4076 „wtsgavarn'ff
969 3996 1076 4076 verb0,
1100 3995 1186 4077 quod
1208 3996 1367 4079 praebent

241 4092 383 4174 codices,
406 4101 461 4160 ten
485 4093 638 4159 Brinkius
662 4094 694 4169 (l.
718 4096 775 4171 a),
800 4087 1040 4177 „wlsgbavrtffl
1063 4093 1269 4174 sagacissime
1291 4112 1364 4158 oon-

236 4188 371 4269 jectavit
398 4190 573 4257 secundum
602 4211 723 4256 morem
746 4191 939 4256 Graecorum
969 4195 1050 4272 part.
1073 4210 1177 4272 praes.
1205 4190 1308 4255 latina
1329 4190 1363 4254 in

240 4305 329 4353 suam
352 4289 542 4372 scripturam
563 4286 832 4354 transferentium.
870 4284 917 4350 Ol.
933 4283 1099 4371 κρήσκηνς,
1123 4285 1288 4373 apocopae
1310 4308 1364 4372 ap.
