3575 5334
421 693 483 753 414
873 740 876 747 .
938 694 1025 750 Cauer

391 934 394 938 .
420 865 544 936 medii
566 864 729 930 -όσθων
759 886 816 949 pro
838 866 933 932 solita
955 870 1084 931 -έσθων
1107 866 1269 957 duobus¹⁴l
1298 866 1378 940 loeis
1408 866 1539 949 positam

420 964 540 1047 reperi:
578 960 880 1049 συσσημαινόσθων
909 965 1001 1046 32A,
1027 956 1051 1026 tt
1083 970 1118 1031 et
1145 960 1331 1045 χρώσθωμ]
1361 966 1420 1043 78,
1442 976 1467 1029 5.
1509 963 1539 1029 in

420 1062 526 1148 priore
547 1060 657 1145 lapide
678 1062 900 1146 apographum
922 1062 1125 1145 Fourmonti,
1152 1059 1239 1144 quod
1260 1059 1445 1128 Roeckhius
1468 1058 1502 1125 O.
1522 1060 1539 1125 i.

421 1160 475 1228 Gr.
492 1162 533 1224 76
555 1165 682 1226 secutus
703 1165 761 1240 est,
784 1160 927 1226 habebat
941 1158 1225 1245 σισημαινόσθων,
1249 1156 1336 1241 quod
1349 1157 1539 1237 Boeeknius,

420 1276 490 1323 eum
521 1258 617 1323 talem
650 1256 784 1322 formam
817 1257 999 1341 imperativi
1027 1257 1156 1323 omnino
1182 1277 1247 1322 non
1275 1262 1400 1337 nosset,
1433 1275 1539 1339 parum

421 1354 565 1422 modeste
593 1354 626 1420 in
655 1358 981 1439 συα(σ)ημαινέσθων
1007 1356 1152 1421 mutavit.
1198 1352 1314 1420 deinde
1336 1353 1540 1433 Rangaociru

421 1473 491 1518 curn
515 1455 589 1519 Ant.
612 1454 689 1518 hell.
716 1455 774 1518 118
797 1453 880 1519 banc
899 1454 1043 1520 tabulam
1067 1452 1173 1518 denuo
1198 1452 1323 1534 ederet,
1351 1450 1505 1516 traditam
1526 1472 1539 1511 o

419 1550 545 1617 literam
571 1550 724 1632 restituit,
754 1551 907 1618 sedeam
937 1551 970 1629 (l.
993 1552 1015 1614 l.
1037 1551 1062 1631 I,
1091 1572 1122 1634 p.
1146 1552 1220 1625 209)
1249 1568 1356 1616 errore
1384 1547 1541 1631 lapicidae

420 1648 588 1732 irrepsisse
618 1648 689 1730 ipse
717 1667 842 1730 quoque
870 1654 971 1732 putat.
1015 1667 1120 1730 neque
1152 1647 1218 1712 alia
1245 1644 1408 1713 sententia
1436 1644 1541 1710 Kirob·

422 1744 509 1811 holfii
532 1764 603 1811 esse
625 1744 760 1825 videtur,
789 1746 843 1828 qni
866 1752 898 1811 et
925 1745 1142 1811 hnielormae
1164 1745 1261 1825 etei,
1285 1741 1540 1827 quamsecundo

421 1845 492 1910 loco
514 1843 617 1924 attuli,
639 1841 813 1924 χρώαθων,
836 1851 945 1910 notam
968 1843 1226 1928 interrogationis
1243 1841 1405 1927 apposuit.
1439 1847 1540 1906 tamen

422 1952 588 2026 utramque
607 1940 741 2007 delendi
768 1962 864 2026 posse
885 1961 989 2025 spero.
1034 1949 1066 2007 et
1092 1937 1394 2019 συσσημαινόσθων
1418 1938 1540 2022 quiden

422 2038 499 2122 quid
521 2039 582 2104 sibi
603 2032 693 2121 velit,
715 2040 810 2106 laeile
832 2059 849 2105 e
872 2059 998 2105 conexu
1019 2040 1200 2105 sententiae
1217 2036 1430 2119 intellegitur:
1454 2022 1540 2099 οὗτοι

423 2138 459 2202 δὲ
493 2135 537 2212 (αἱ
565 2142 682 2219 ταμίαι
712 2136 876 2221 δηλονότι)
905 2133 1128 2217 ταμιευόντων
1159 2132 1299 2217 ἒμνιόλει
1328 2133 1360 2199 ἐν
1391 2135 1439 2218 τῷ
1469 2126 1540 2206 ὀμι-

423 2232 607 2319 σθ[οδό]ιιῳ
635 2232 677 2299 roi
705 2236 770 2298 τῶν
794 2241 884 2301 θεῶν
906 2234 1071 2319 χρήματα,
1101 2227 1164 2298 ὅσα
1191 2228 1329 2296 δυνατὸν
1356 2237 1412 2295 καὶ
1442 2226 1540 2307 ὅσιον,

422 2330 478 2397 καὶ
500 2330 760 2417 σανανοιμόντων
783 2334 834 2397 καὶ
859 2331 1084 2418 συγκλῃόντων
1107 2328 1167 2406 τὰς
1185 2328 1291 2413 θιῗρας
1313 2330 1372 2393 τοῦ
1397 2326 1541 2415 ὀπισθο-

344 2428 346 2432 ’
423 2430 526 2512 δόμου
561 2431 613 2495 καὶ
648 2428 951 2515 συσσημαινόσθων
986 2441 1057 2512 τοῖς
1091 2430 1149 2513 τῆς
1182 2421 1367 2511 Ἀθηναίας
1401 2432 1539 2508 ταμίαις.

422 2530 526 2595 altera
547 2528 648 2593 forma
670 2534 776 2595 exstat
797 2529 831 2594 in
853 2528 1034 2610 fragmento
1057 2528 1135 2593 satis
1150 2526 1276 2609 exiguo,
1299 2524 1385 2609 quod
1409 2545 1451 2591 ex
1472 2545 1540 2610 apo·

422 2626 545 2709 grapho
568 2626 720 2701 Koehleri
744 2625 959 2692 Kirobhoffius
981 2626 1101 2709 primus
1124 2624 1234 2690 edidit.
1269 2624 1303 2688 in
1326 2624 1395 2688 eius
1418 2627 1540 2689 versui

423 2729 497 2788 sunt
520 2724 617 2788 verba
639 2722 838 2808 [σι]ρατηγοὶ
857 2721 1004 2805 χρώσθια
1027 2724 1080 2787 vel
1101 2721 1302 2802 χρώσθιυ[ν],
1332 2740 1417 2802 quae
1439 2740 1541 2803 quam·

423 2839 518 2903 quam
549 2820 619 2885 sine
648 2840 771 2886 conexu
800 2842 870 2886 cum
893 2821 966 2885 aliis
993 2827 1121 2885 servata
1147 2826 1236 2899 sunt,
1264 2826 1371 2883 tamen
1401 2816 1540 2899 χρώσθω

422 2916 646 3002 imperativum
676 2920 809 3002 pluralis
837 2920 961 2984 numeri
989 2936 1060 2983 esse
1087 2917 1182 2983 facile
1211 2915 1417 2998 intellegitur.
1463 2912 1541 2997 quod

423 3016 451 3081 si
472 3015 535 3079 duo
559 3018 708 3100 exempla
731 3016 899 3098 habemus,
927 3016 960 3080 in
983 3015 1099 3098 quibus
1123 3015 1205 3079 haee
1226 3014 1327 3077 torma
1349 3032 1369 3076 a
1391 3011 1542 3094 singulari

423 3114 569 3196 quamvis
591 3114 705 3179 leviter
727 3113 877 3179 distincta
906 3113 962 3191 sit,
993 3132 1048 3177 cur
1076 3113 1136 3177 hoe
1164 3111 1327 3189 miremur,
1357 3108 1540 3192 praesertin

423 3231 494 3277 cum
517 3230 575 3295 per
597 3230 632 3276 se
654 3212 721 3277 veri
743 3231 855 3295 parum
873 3211 979 3276 simile
1000 3210 1095 3275 luerit
1116 3210 1272 3292 pluralem
1296 3214 1328 3274 et
1349 3208 1542 3297 singularem

423 3329 572 3377 numeros
594 3310 627 3373 in
648 3310 744 3374 tertia
771 3328 910 3391 persona
935 3306 1117 3392 imperativi
1141 3306 1225 3371 med.
1251 3305 1429 3387 antiquitus
1462 3324 1542 3387 pror·

421 3427 477 3473 sus
499 3406 706 3488 congruisse?
736 3407 800 3471 'huc
822 3406 962 3486 accedit,
985 3405 1069 3488 qnod
1091 3425 1189 3470 unum
1213 3404 1395 3487 exemplum
1418 3420 1542 3485 prorsus

495 3574 527 3639 Η)
553 3571 662 3626 tertium
680 3574 829 3643 exemplum
847 3572 965 3627 eiusdem
982 3572 1101 3640 generis,
1125 3570 1197 3641 quod
1214 3569 1242 3623 in
1259 3568 1437 3638 inscriptione
1454 3566 1542 3621 Attica

424 3657 527 3718 exstat,
552 3653 747 3708 Koehlerus
771 3669 804 3707 ex
828 3653 936 3708 schedis
960 3655 1017 3707 suis
1039 3668 1143 3707 summa
1165 3651 1327 3705 liberalitate
1343 3661 1450 3704 mecum
1475 3664 1541 3703 com·

424 3733 579 3789 manicavit.
613 3734 738 3801 leguntur
761 3735 831 3789 enim
854 3734 882 3787 in
908 3734 1058 3802 fragmento
1083 3732 1184 3788 decreti
1207 3731 1322 3799 publici,
1347 3730 1421 3799 quod
1443 3730 1540 3799 primus

423 3814 596 3893 Rangabq'us
614 3814 688 3880 (Ant.
699 3816 760 3869 hell.
772 3820 832 3881 482)
850 3821 877 3870 et
895 3814 983 3870 denuo
997 3814 1153 3869 accuratius
1165 3828 1199 3867 ex
1213 3828 1263 3868 sno
1279 3812 1436 3882 apographo
1451 3809 1538 3866 Koeh-

423 3894 495 3950 1erus
519 3893 549 3947 0.
567 3893 584 3948 i.
604 3895 636 3948 Α.
655 3895 694 3961 11,
713 3900 744 3949 er
768 3895 863 3963 emoto,
888 3896 983 3950 literae
1008 3889 1540 3962 suruen0<c[nmorzprnrurou]

423 3990 491 4044 quas
505 3973 631 4041 quoniam
645 3976 689 4029 ille
699 3991 796 4045 magna
808 3992 869 4031 cnm
886 3975 1077 4044 probabilitate
1095 3974 1134 4029 sic
1152 3972 1278 4037 restituit,
1296 3973 1428 4027 habemus
1447 3985 1540 4025 novum

425 4056 577 4124 exemplum
602 4060 724 4110 vetustae
746 4056 819 4111 illius
842 4057 945 4110 formae
961 4056 1042 4123 idque
1058 4056 1086 4109 in
1104 4062 1201 4123 quarto
1219 4069 1244 4107 a.
1264 4053 1325 4106 Chr.
1345 4054 1447 4106 seculo.
1482 4064 1541 4104 nam

423 4136 521 4201 aetati,
545 4151 614 4203 quae
636 4136 707 4192 inter
730 4145 816 4193 annos
841 4142 890 4193 318
909 4142 937 4191 et
954 4142 1002 4189 35⁰
1020 4152 1045 4189 a.
1064 4136 1126 4189 chr.
1145 4133 1294 4200 antecedit,
1316 4129 1470 4188 Koehlerus
1492 4130 1540 4182 hoc

424 4215 602 4283 fragmentum
619 4217 727 4281 tribuit,
752 4219 797 4285 qui
814 4218 896 4273 etism
913 4216 1119 4285 explicationem
1135 4214 1279 4283 singularis
1292 4213 1409 4288 termae,
1427 4225 1496 4281 quae
1514 4210 1540 4268 in

426 4314 457 4354 eo
475 4306 582 4353 servata
599 4303 654 4364 est,
671 4297 794 4365 eandem,
821 4314 901 4367 quam
918 4311 1001 4364 supra
1019 4295 1140 4349 Curtium
1158 4292 1268 4350 secutus
1286 4291 1413 4362 exposui,
1434 4289 1538 4362 probat
