3575 5334
1152 682 1272 743 106
2178 681 2377 735 Clemm

1145 876 1276 920 non
1322 855 1511 919 video
1557 874 1683 936 qua
1739 854 1987 920 ratione
2030 854 2364 937 paullatim
2412 854 2476 917 in
2524 853 2815 919 viliorem
2868 872 3127 920 sensum
3175 853 3207 919 d

1143 959 1298 1017 vata
1341 952 1442 1017 sit.

1317 1051 1383 1123 b)
1451 1045 1786 1132 ἀγέρωχος
1845 1047 2268 1113 derivandum
2327 1054 2423 1114 est
2479 1068 2520 1113 a
2562 1047 2761 1112 verbo
2818 1043 3118 1132 ἀγείρειν
3170 1068 3206 1115 e

1144 1147 1317 1211 mine
1364 1142 1485 1231 ὂχή
1532 1146 1572 1209 i.
1620 1166 1673 1211 e.
1719 1144 1963 1232 τροφή.
2055 1146 2237 1211 Hanc
2292 1151 2581 1211 veterum
2639 1143 3035 1226 quorundam
3081 1166 3207 1229 gra

1142 1245 1407 1309 ticorum
1473 1244 1974 1326 explicationem
2040 1244 2265 1309 merito
2334 1251 2403 1308 ut
2460 1242 2736 1308 vidimus
2792 1244 2933 1327 jam
2991 1245 3207 1309 Arista

1141 1340 1460 1407 refutavit.
1523 1339 1654 1405 Sed
1698 1348 1919 1406 nostra
1960 1348 2174 1407 aetate
2206 1340 2507 1422 Geistius,
2557 1339 2714 1405 diar.
2745 1347 2877 1406 ant.
2917 1344 3075 1407 1837
3111 1362 3176 1424 p.

1144 1440 1264 1505 etsi
1309 1446 1440 1503 tam
1485 1438 1628 1502 miri
1673 1439 2009 1521 veriloquii
2067 1439 2489 1522 patrocinium
2534 1458 2661 1503 non
2721 1438 3033 1522 suscepit,
3092 1445 3207 1504 tan

1144 1556 1338 1603 sensu
1394 1534 1462 1598 id
1522 1535 2023 1617 commendavit,
2096 1554 2236 1600 cum
2301 1536 2630 1619 epitheton
2687 1542 2971 1601 nostrum
3039 1535 3128 1601 ad
3193 1556 3207 1601 ε

1141 1632 1623 1714 navigationem
1700 1652 1980 1715 opesque
2051 1633 2204 1698 inde
2288 1639 2507 1716 partas
2580 1640 2872 1716 spectare
2956 1640 3207 1699 conten·

1142 1729 1329 1808 Quod
1387 1729 1439 1794 si
1484 1748 1703 1794 verum
1764 1737 1965 1811 essct,
2023 1729 2292 1796 Rhodiis
2348 1737 2519 1796 certe
2575 1731 2706 1795 tale
2763 1730 3094 1813 epitheton
3157 1750 3207 1813 oj

1142 1825 1543 1906 conveniret,
1603 1828 1798 1893 ceteri
1842 1847 1994 1893 vero
2039 1829 2144 1893 vel
2202 1828 2422 1911 populi
2475 1828 2579 1894 vel
2624 1827 2915 1892 homines
2957 1828 3063 1893 vel
3121 1846 3207 1892 rel

1141 1924 1212 1989 id
1261 1925 1409 2006 jure
1454 1924 1752 1989 tulissent
1811 1923 2105 2007 equidem
2151 1944 2283 1989 non
2334 1943 2726 2007 assequerer.
2828 1925 3083 1989 Etenim
3130 1946 3207 1990 na

1137 2022 1338 2087 fuisse
1395 2020 1909 2105 Periclymenum
1969 2043 2052 2088 ex
2109 2023 2307 2088 schol.
2367 2023 2420 2086 B
2466 2024 2518 2087 L
2576 2021 2664 2087 ad
2721 2026 2782 2086 B
2828 2025 2952 2086 336
3007 2021 3120 2086 ubi
3182 2036 3207 2084 c·

1139 2125 1293 2203 βιος
1337 2125 1599 2183 vocatur
1642 2120 1905 2185 minime
1936 2120 2366 2202 colligendum
2414 2128 2531 2199 est,
2580 2119 2817 2185 nedum
2860 2120 2907 2184 ii
2947 2119 3054 2184 vel
3102 2120 3207 2183 hol

1138 2217 1243 2283 vel
1303 2217 1546 2282 bestiae
1603 2217 1709 2299 qui
1769 2217 1944 2300 apud
1988 2217 2150 2282 alios
2202 2219 2543 2301 scriptores
2588 2214 2919 2302 ἀγέρωχοι
2975 2217 3207 2299 appell.

1137 2316 1245 2380 vel
1289 2314 1597 2396 navigare
1640 2316 1746 2380 vel
1792 2315 1859 2379 in
1904 2334 2075 2396 aqua
2119 2315 2335 2380 vivere
2381 2315 2693 2380 dicantur.

1309 2416 1366 2487 c)
1426 2408 1764 2495 ἀγέρωχος
1810 2413 2228 2495 compositum
2274 2419 2372 2477 est
2415 2431 2495 2477 ex
2539 2407 2833 2495 ἀγείρειν
2877 2410 3078 2476 verbo
3124 2416 3192 2476 et

1084 2504 1178 2576 'i.
1225 2529 1279 2575 e.
1342 2504 1461 2574 ἐπ’
1526 2504 1710 2589 ὄχοις
1768 2504 2197 2592 ἀγειρόμενοι
2263 2511 2498 2575 milites
2556 2510 2663 2590 qui
2716 2507 3001 2573 curribus
3056 2508 3147 2573 ad

1137 2614 1306 2671 ctum
1351 2606 1688 2670 vehuntur.
1777 2608 1915 2671 Hoc
1960 2607 2420 2688 DoederlinuS,
2467 2607 2663 2688 gloss.
2709 2606 2895 2670 Hom.
2943 2606 2972 2668 Ι
3010 2610 3092 2694 5¹4
3140 2624 3207 2671 er

1133 2703 1296 2768 tavit
1361 2702 1462 2765 cui
1528 2721 1641 2766 suo
1700 2703 1849 2785 jure
1921 2706 2316 2770 Duentzerus
2379 2706 2422 2769 l.
2485 2705 2527 2767 l.
2592 2704 2925 2768 oblocutus
2989 2709 3107 2768 est.

1135 2800 1326 2865 modo
1373 2794 1741 2882 ἄγερσοχος
1786 2801 1925 2865 sive
1971 2798 2323 2884 ἀγειροχος
2366 2802 2432 2864 in
2479 2796 2822 2883 ἄγὲρωχος
2864 2801 3098 2864 mutari
3144 2821 3207 2883 p‹

1134 2902 1239 2965 vel
1298 2897 1728 2964 audacissima
1786 2897 2125 2962 metathesi
2183 2898 2382 2977 facta,
2457 2898 2632 2963 solus
2692 2897 3121 2963 Doederlinus
3182 2919 3207 2963 s

1133 2998 1378 3063 nemini
1421 2996 1737 3080 probavit.
1826 2996 2038 3060 Taceo
2087 2994 2167 3059 de
2211 2994 2692 3076 significat-ione.

1305 3095 1368 3172 d)
1428 3091 1764 3178 ἅγέρωχος
1811 3112 1890 3158 ex
1936 3091 2138 3156 tribus
2183 3091 2515 3157 vocabulis
2559 3092 3004 3156 Lindemanno
3049 3092 3118 3156 in
3173 3113 3207 3175 p

1132 3192 1508 3258 Zittaviensi
1564 3212 1621 3255 a.
1689 3194 1849 3255 1850
1907 3195 2202 3254 constare
2259 3188 2626 3253 videbatur:
2702 3185 2832 3272 ἄγα
2890 3186 3011 3271 ἔρα
3058 3187 3207 3269 ἐχει-

1133 3298 1334 3355 esset:
1411 3290 1717 3365 „multum
1765 3287 1901 3369 agri
1961 3286 2272 3368 habens“‚
2341 3286 2577 3362 „valde
2623 3285 2866 3353 dives“.
2955 3284 3087 3350 Sed
3134 3288 3207 3352 eti

1133 3388 1252 3450 hoc
1309 3387 1638 3468 epitheton
1696 3382 1781 3447 ad
1840 3384 2003 3449 alios
2061 3401 2312 3465 quoque
2367 3384 2640 3465 populos
2694 3382 2793 3447 vel
2854 3381 3150 3449 homines
3194 3405 3207 3449 ε

1130 3482 1216 3547 ad
1297 3481 1583 3547 Rhodios
1662 3480 2007 3563 quadraret
2082 3488 2274 3562 atque
2353 3482 2602 3545 etiamsi
2681 3478 2996 3562 ἐρα-όχος
3072 3482 3207 3546 crec‘

1133 3586 1323 3659 esset,
1373 3575 1501 3661 ἀγα
1547 3597 1859 3660 nusquam
1905 3575 2275 3661 praefigitur
2317 3578 2683 3661 compositis
2726 3576 3075 3642 vocabulis.

1302 3681 1358 3752 e)
1426 3671 1763 3758 ἀγέρωχος
1824 3682 1923 3740 est
1968 3674 2359 3740 Sanscritum
2404 3696 2477 3736 sa
2533 3680 2597 3739 et
2646 3695 2844 3757 yar-va
2889 3674 3196 3756 superbia

1129 3769 1442 3856 ἅγαυριῦς
1486 3770 1673 3852 ἔχων.
1732 3771 1998 3852 Pettius,
2045 3775 2290 3852 quaest.
2323 3778 2405 3835 et.
2440 3772 2505 3834 12
2538 3776 2656 3837 183
2703 3777 2767 3836 et
2798 3770 3123 3855 Benfeyus
3158 3773 3207 3837 I]

1130 3869 1250 3934 hac
1294 3870 1401 3933 via
1444 3867 1528 3933 ad
1573 3869 1782 3934 simile
1826 3869 2244 3950 veriloquium
2294 3874 2755 3951 pervenerunt,
2814 3866 2982 3949 quod
3024 3869 3139 3933 alii
3186 3873 3207 3935 ί

1128 3988 1269 4032 cum
1316 3972 1563 4049 γαῦρος
1608 3971 2053 4049 comparantes
2096 3955 2425 4030 invenisse
2467 3965 2591 4031 sibi
2633 3965 2755 4030 visi
2801 3971 2966 4030 sunt.
3044 3967 3207 4032 Nam

1124 4085 1386 4146 wrm-s
1430 4063 1761 4145 superbia,
1806 4083 2175 4146 qarva-ra-s
2218 4062 2561 4146 superbus,
2618 4068 2895 4147 γαῦρος,
2940 4061 3189 4148 βαρύς,

1122 4163 1367 4243 yraviS,
1441 4159 1632 4225 Goth.
1688 4159 1883 4222 lmzim-
1944 4160 2078 4224 alia
2132 4160 2214 4224 ab
2274 4158 2501 4225 eadem
2560 4160 2775 4225 omnia
2831 4160 3051 4226 radice
3118 4162 3207 4229 de

1128 4258 1287 4323 dunt
1351 4258 1452 4334 (cf.
1522 4256 1771 4322 Curtius
1837 4259 2020 4339 468),
2095 4256 2437 4323 dummodo
2504 4254 2846 4342 ἀγέρωχος
2911 4256 3166 4325 facilius
