3575 5334
333 671 392 731 144
726 719 728 725 .
828 668 968 723 lilerzdori

331 840 605 926 παρασκευάζεαι
630 842 647 906 Ι
670 845 729 922 71,
759 834 968 925 ἀπαιρήσεαι
994 841 1008 904 I
1032 845 1070 904 71
1103 845 1185 916 (·σει
1209 836 1292 916 A01,
1321 859 1379 903 -σε
1401 838 1457 915 13¹,

331 964 421 1017 -σεις
443 940 503 1018 Ε),
527 936 744 1025 ἀπεχθήσεαι
767 937 783 1001 Ι
807 940 863 1019 89,
892 936 1025 1017 τεύξεαι
1049 939 1063 1001 Ι
1085 940 1144 1015 99,
1173 930 1323 1001 ἁλώσεαι
1348 935 1365 999 Ι
1390 942 1457 1017 112,

332 1035 438 1120 ύψεαι
460 1037 477 1101 Ι
502 1041 561 1100 155
585 1035 634 1100 IX
658 1039 708 1116 16,
730 1034 884 1120 λάμψεαι
907 1039 923 1103 Ι
949 1040 1007 1101 199
1031 1035 1092 1100 VII
1116 1036 1166 1115 39,
1191 1032 1285 1099 'e'cear
1309 1033 1341 1097 ΙΙ
1366 1041 1396 1100 5.
1418 1040 1456 1102 78

331 1135 394 1200 Vll
420 1139 468 1199 14.
491 1138 553 1199 236
583 1133 660 1198 VIII
683 1137 733 1215 62,
749 1130 903 1215 ,ἀπίξεαι
925 1136 958 1199 ΙΙ
981 1137 1021 1198 29
1048 1129 1181 1211 (άπῑξαι
1202 1130 1265 1211 Β),
1296 1132 1458 1218 ποιήσεαι

331 1233 364 1297 ΙΙ
386 1235 437 1314 29,
460 1229 627 1302 πλεύσεαι
647 1230 681 1295 ΙΙ
703 1234 754 1310 29,
778 1230 887 1311 οἴχεαι
908 1234 941 1298 ΙΙ
964 1237 1034 1310 115,
1058 1227 1302 1313 συγγινώσκεαι
1324 1229 1370 1294 IV
1390 1234 1455 1313 126,

330 1328 564 1416 προσκτήσεαι
595 1329 622 1392 V
649 1332 686 1394 31
720 1335 846 1400 (σεται
874 1332 906 1393 Α
936 1351 984 1412 pr.
1014 1329 1043 1405 ιί,
1073 1349 1167 1391 -οαιε
1193 1332 1234 1407 ν),
1268 1324 1456 1414 ἐπιθήσεαι

333 1428 361 1491 V
384 1431 435 1508 31,
463 1431 574 1510 γίνεαι
596 1425 624 1488 V
646 1429 683 1491 31
710 1425 773 1490 VII
796 1430 852 1508 52,
880 1431 1121 1511 παραμείψεαι
1143 1424 1171 1488 V
1193 1427 1251 1504 52,
1281 1431 1456 1508 μετέρχεαι

332 1523 376 1588 VI
400 1527 450 1606 69,
480 1524 723 1606 καταπροΐξεαι
753 1523 814 1588 VII
842 1529 890 1608 17,
922 1524 1142 1607 ἐπαγγέλλεαι
1172 1522 1232 1586 VII
1254 1525 1306 1603 29,
1336 1521 1457 1608 καυχή-

332 1644 409 1686 σεαι
426 1621 488 1685 VII
503 1624 543 1685 39
567 1625 692 1697 (σεται
708 1620 750 1697 ιλ),
773 1627 948 1704 περιέχεαι
965 1622 1026 1686 VII
1042 1624 1092 1701 39,
1117 1617 1303 1705 ζημιώσεαι
1326 1622 1391 1686 VII
1408 1626 1456 1705 39,

332 1717 487 1799 κομίζεαι
520 1717 583 1781 VII
611 1721 652 1780 49
685 1724 787 1793 (·εται
819 1717 877 1797 Cal,
912 1742 988 1784 -σαι
1010 1721 1057 1796 R,
1092 1723 1227 1799 κομίεαι
1259 1717 1350 1784 Stcb.
1386 1720 1456 1801 edi,

333 1813 500 1901 σφάλλεαι
533 1815 595 1879 VII
625 1818 681 1897 52,
715 1814 908 1881 πυνθάνεαι
939 1817 1000 1882 VII
1027 1802 1097 1897 157,
1131 1815 1260 1897 γλίχεαι
1292 1814 1356 1879 VII
1389 1820 1455 1896 161,

331 1918 584 1995 καταστρέψεαι
617 1912 679 1977 VII
701 1915 763 1976 269
794 1918 890 1997 (-ψαι
915 1913 951 1991 C)
986 1915 1034 1980 lx
1061 1919 1080 1978 2
1109 1924 1207 1995 (-ψαι
1232 1909 1317 1991 CR),
1355 1936 1456 1997 προς-

332 2016 455 2097 ψέρεαι
476 2011 539 2075 VII
561 2012 633 2090 299,
656 2002 890 2077 ἀποπλεύσεαι
914 2014 962 2078 ΙΙΙ
984 2016 1041 2096 91,
1064 2011 1188 2078 accedit
1207 2008 1456 2096 τετιμωρήσεαι

330 2109 380 2173 ΙΙΙ
401 2111 452 2189 78,
476 2110 560 2191 quod
584 2110 754 2176 edeerni
777 2109 960 2192 conjectura
982 2130 1039 2191 pro
1061 2108 1206 2175 codicum
1228 2105 1456 2194 τετιμώρήσαι

206 2281 209 2287 ,
331 2225 416 2271 nunc
437 2208 478 2271 ab
502 2209 649 2273 omnibus
672 2215 838 2291 acceptum
861 2216 921 2273 est.
957 2208 1033 2273 Post
1053 2207 1183 2271 vocales
1205 2228 1279 2269 -εαι
1301 2206 1456 2288 reperitur

330 2304 362 2367 in
387 2303 597 2370 διακελεύεαι
619 2304 636 2368 Ι
658 2309 697 2369 42
721 2306 782 2369 VII
799 2308 839 2369 86
860 2301 1123 2386 μεταβουλεύεαι
1147 2302 1208 2366 VII
1227 2306 1265 2365 12
1290 2309 1394 2377 (-εται
1412 2302 1454 2382 Cl,

331 2400 576 2482 συμβουλεύεαι
604 2403 663 2466 VII
687 2406 748 2468 235
787 2411 893 2478 (-σεαι
922 2404 993 2479 ΑΙ).
1043 2401 1165 2480 Quibus
1196 2401 1230 2464 in
1258 2401 1370 2467 formis
1399 2402 1455 2467 etsi

330 2505 403 2582 post
425 2499 658 2581 diphthongum
682 2524 719 2564 ευ
742 2524 796 2565 aar
818 2501 986 2565 molestum
1009 2520 1073 2564 non
1096 2505 1154 2579 est,
1176 2498 1210 2561 in
1233 2498 1456 2580 praesentibus

330 2598 498 2662 verborum
522 2604 753 2662 contractorum
775 2599 916 2680 itemque
936 2598 970 2662 in
993 2596 1106 2662 futuris
1128 2594 1268 2677 liquidis,
1292 2595 1455 2679 inquibus

330 2694 588 2759 terminationem
618 2718 672 2758 εαι
700 2696 794 2762 litera
823 2719 838 2759 ε
869 2694 1046 2773 antecedit,
1078 2717 1149 2758 εεαι
1178 2701 1384 2775 nequaquam
1414 2701 1455 2758 to·

331 2790 427 2856 lerari
449 2795 572 2873 potest,
601 2799 773 2873 propterea
795 2791 896 2874 quod,
926 2800 961 2857 ut
978 2792 1047 2874 jam
1069 2792 1102 2855 in
1125 2791 1229 2873 prima
1251 2792 1455 2874 paragrapho

331 2887 479 2967 vidimus,
503 2889 614 2952 Ionum
634 2908 727 2954 aures
743 2897 775 2955 et
794 2891 1006 2955 instrumenta
1026 2890 1174 2971 loquelae
1197 2907 1293 2969 quam
1317 2890 1456 2954 maxime

254 2994 256 2998 ’
332 2986 378 3052 eis
401 2985 678 3067 conjunctionibus
703 2987 866 3054 vocaliciis
888 2987 1115 3065 adversantur,
1142 2986 1175 3049 in
1198 2986 1314 3067 quibus
1336 2986 1456 3052 vocalis

333 3083 499 3165 quaedam,
524 3102 733 3166 quaecunque
756 3092 812 3166 est,
838 3084 957 3167 duplex
980 3108 995 3147 ε
1019 3083 1169 3166 sequitur.
1207 3083 1275 3148 Eae
1297 3083 1455 3148 vocalium

332 3180 563 3246 cumulationes
598 3201 724 3264 semper
758 3181 952 3264 hyphaeresi
987 3182 1007 3244 i.
1038 3200 1065 3246 e.
1102 3180 1235 3246 elisione
1270 3181 1407 3247 alterius
1440 3204 1455 3246 ε

333 3278 572 3358 deminuuntur,
608 3298 671 3361 qua
705 3278 745 3343 de
774 3297 809 3344 re
836 3288 1007 3361 propterea
1036 3277 1164 3343 brevius
1190 3296 1288 3360 agere
1316 3298 1455 3362 possum,

332 3375 416 3458 quod
438 3376 615 3441 Fritschius
641 3377 674 3440 in
698 3375 788 3441 Stud.
811 3376 874 3440 vol.
898 3375 941 3439 Vl
967 3376 1076 3440 omnia
1097 3376 1159 3440 huc
1187 3375 1386 3458 pertinentia
1414 3375 1457 3440 di·

331 3472 467 3555 ligenter
500 3474 657 3538 tractavit.
701 3473 851 3539 Codicum
884 3481 990 3539 autem
1020 3473 1054 3536 in
1082 3472 1143 3536 hac
1171 3472 1212 3536 de
1240 3495 1334 3537 -εεαι
1363 3491 1459 3555 quae-

332 3570 435 3635 stione
456 3570 536 3635 ratio
560 3589 600 3639 ea
621 3578 678 3651 est,
702 3570 875 3653 quodcum
899 3571 981 3636 tales
1003 3570 1123 3635 formae
1146 3568 1275 3637 deciens
1298 3570 1456 3651 legantur,

331 3687 504 3750 numquam
528 3667 601 3733 libri
623 3670 657 3733 in
679 3693 780 3746 -εεαι,
803 3670 903 3735 semel
919 3668 953 3733 in
969 3692 1040 3732 -εαι
1056 3667 1267 3747 consentiunt,
1290 3674 1340 3731 ter
1362 3667 1460 3749 pleri·

333 3784 394 3847 que
416 3764 589 3847 optimique
610 3789 716 3843 -εεαι,
742 3767 871 3832 sexiens
893 3786 1004 3830 omncs
1026 3772 1154 3847 praeter
1176 3764 1209 3825 P
1230 3764 1285 3830 vel
1306 3763 1362 3825 Pz
1386 3787 1459 3829 -car

332 3861 471 3927 tradunt.
515 3862 606 3941 Quae
627 3883 698 3928 cum
721 3864 766 3928 ita
791 3864 870 3941 sint,
901 3862 978 3945 quid
1007 3861 1144 3945 planius·
1160 3868 1222 3942 est,
1253 3880 1349 3943 quam
1372 3862 1459 3945 quod

332 3959 494 4026 breviores
522 3960 643 4026 formae
671 3961 831 4043 genuinae
858 3968 947 4039 sunt,
977 3966 1134 4025 corrector
1155 3959 1321 4025 Parisinus
1349 3968 1458 4025 autem

330 4058 492 4139 longiores
528 4065 563 4122 ut
597 4059 700 4140 magis
739 4057 861 4123 ionicas
893 4058 926 4122 in
963 4064 1085 4122 textum
1121 4056 1319 4121 inculcavit?
1363 4056 1459 4137 Quod

331 4154 489 4222 Steinium
517 4174 582 4220 non
611 4155 730 4221 vidisse
759 4153 969 4230 (Dindorfium
996 4154 1253 4235 Bredoviumque
1283 4174 1341 4220 suo
1369 4174 1460 4222 more

330 4251 449 4319 formas
476 4252 616 4317 maxime
649 4252 861 4329 „distractas“
889 4248 1080 4336 praetulisse
1109 4268 1177 4334 per¹
1195 4270 1231 4316 se
1264 4258 1369 4335 patet)
1404 4254 1460 4318 vix
