3575 5334
648 714 1097 771 1011010010Α111001011011010.
1132 717 1153 769 Ι.
1400 716 1463 777 249

327 887 390 951 hac
416 905 452 951 re
489 893 616 951 secutus
644 886 700 967 sit,
735 888 761 952 si
794 890 864 971 quis
893 891 1078 955 examinare
1106 891 1190 970 vult,
1219 893 1307 974 ipsas
1335 894 1462 959 tabulas

326 983 494 1066 inspiciat

519 1136 679 1219 προνηΐῳ.
1122 1138 1261 1224 nodoso).

332 1238 403 1297 117.
450 1235 543 1310 [tta]
588 1237 658 1299 119.
696 1238 790 1313 [1211]
826 1267 869 1288 =
1166 1273 1208 1283 —

441 1329 489 1395 Ol.
512 1328 563 1409 86,
594 1330 708 1411 4-87,
730 1331 760 1395 3.

578 1464 620 1474 -
921 1434 1015 1509 [121]
1033 1436 1162 1498 122-1,
1176 1438 1269 1513 [tta]
1289 1440 1358 1501 130.
1373 1439 1455 1513 [131.

953 1532 1033 1608 132]
1054 1560 1098 1582 --
1123 1530 1170 1596 Ol.
1193 1529 1244 1611 87,
1268 1532 1382 1612 4-89,
1405 1532 1437 1601 3.

332 1628 402 1689 125.
420 1627 578 1701 [126-7.]
605 1628 674 1689 128.
690 1655 733 1676 =
751 1625 798 1690 ΘΙ.
817 1623 869 1702 99,
1167 1666 1211 1676 -

516 1719 631 1801 4-91,
654 1719 684 1786 3.

578 1857 619 1865 —
1024 1828 1093 1889 133.
1116 1854 1158 1876 =
1184 1825 1231 1890 Ol.
1254 1825 1305 1905 91,
1329 1826 1358 1891 4.

330 1920 425 1996 [134]
459 1920 528 1981 135.
559 1947 602 1969 =
633 1915 868 1995 019112.
1167 1958 1209 1967 -

580 2050 622 2061 —
926 2020 995 2082 138.
1009 2021 1103 2096 [139]
1120 2019 1458 2098 140.=Ol.93,1-3.

418 2168 487 2232 Iam
511 2167 538 2233 si
560 2168 676 2246 omnia,
701 2187 783 2248 quae
807 2169 867 2233 hac
890 2169 1077 2251 quaestione
1100 2170 1140 2236 de
1163 2197 1181 2255 η
1205 2174 1246 2237 ab
1265 2173 1379 2239 Atticis
1401 2195 1459 2258 pro

334 2269 354 2329 ᾶ
377 2265 484 2349 posita
507 2265 815 2348 comprehendimus,
841 2268 992 2349 exempla
1014 2267 1113 2333 oculis
1136 2271 1376 2352 perlustramus,
1400 2272 1459 2338 etsi

331 2363 461 2428 maioris
489 2362 642 2427 momenti
672 2363 752 2426 nihil
776 2365 886 2429 exeis
911 2364 989 2430 disci
1019 2386 1114 2449 posse
1138 2368 1377 2434 concedendum
1401 2376 1458 2450 est,
1512 2435 1515 2442 ,

330 2468 439 2526 tamen
461 2460 522 2525 hoc
544 2460 778 2542 intellegimus,
808 2461 893 2542 quod
923 2463 1018 2527 etiam
1042 2464 1325 2531 Kirchhoffius
1348 2468 1456 2533 Herm,

330 2559 367 2638 V,
388 2562 429 2622 60
452 2557 549 2638 vidit,
573 2558 697 2621 nullum
720 2566 846 2624 exstare
868 2560 901 2623 in
925 2561 972 2625 eis
995 2561 1263 2645 inscriptionibus,
1287 2564 1321 2628 111
1344 2565 1458 2646 quibus

329 2654 409 2720 haec
435 2655 617 2721 dissertatio
646 2663 806 2737 versatur,
838 2659 1037 2741 exemplum,
1069 2680 1130 2741 quo
1160 2680 1267 2725 eorum
1296 2663 1458 2727 sententia

332 2753 545 2835 confirmetur,
573 2753 681 2835 quiin
704 2778 722 2836 η
744 2760 778 2817 01
801 2758 822 2816 d
846 2756 1011 2821 vocalibus
1034 2756 1269 2839 distinguendis
1293 2760 1458 2826 Atthidem

331 2852 537 2917 vetustiorem
562 2852 668 2915 minus
691 2871 786 2932 quam
816 2853 1025 2918 recentiorem
1049 2856 1091 2919 ab
1114 2855 1193 2920 Iade
1216 2858 1385 2924 recessisse
1408 2878 1461 2923 ex-

330 2948 484 3014 istimant.

581 3168 624 3233 II.
663 3170 719 3235 De
742 3193 778 3233 ει
802 3175 840 3234 01
864 3189 910 3231 oo
935 3168 1211 3252 diphthongis.

419 3322 573 3404 Duplices
601 3322 699 3387 fuisse
727 3321 759 3385 in
788 3323 912 3387 Graeca
939 3322 1051 3403 lingua
1074 3346 1103 3385 ει
1126 3329 1158 3387 01
1181 3344 1219 3384 oo
1242 3322 1459 3406 diphthongos

333 3440 404 3484 cum
430 3438 470 3483 ex
493 3418 621 3483 diversa
644 3439 751 3484 earum
777 3420 810 3482 in
839 3418 974 3500 singulis
996 3418 1162 3484 vocabulis
1185 3421 1307 3503 origine
1329 3428 1393 3485 tum
1418 3442 1458 3486 ex

329 3516 573 3599 inscriptionum
603 3518 743 3581 maxime
766 3516 941 3585 Atticarum
970 3516 1151 3582 vetustioris
1177 3518 1293 3585 aetatis
1315 3540 1373 3585 usu
1397 3521 1460 3584 ccl-

329 3615 387 3696 ligi
415 3619 537 3697 potest,
567 3612 738 3694 inquibus
767 3615 926 3696 genuinas
956 3621 987 3678 et
1015 3613 1213 3681 adulterinas
1242 3616 1459 3699 diphthongos

328 3712 490 3796 scriptura
513 3711 665 3793 distingui
687 3711 798 3776 solitas
822 3730 892 3775 esse
915 3731 1011 3793 supra
1032 3711 1096 3775 iam
1113 3714 1369 3779 commemoravi.
1400 3734 1460 3780 nec

330 3809 511 3889 defuerunt,
540 3809 593 3890 qui
616 3808 656 3872 ab
679 3809 740 3873 hac
764 3808 968 3873 distinctione
990 3809 1123 3891 profecti
1146 3813 1208 3875 arti
1229 3812 1458 3894 grammaticae

329 3915 361 3972 et
384 3906 619 3990 etymologioae
640 3926 726 3970 nova
747 3904 907 3970 interdum
936 3925 1038 3988 eaque
1060 3908 1138 3973 satis
1161 3916 1248 3974 certa
1269 3916 1462 3990 argumenta

324 4003 584 4087 suppeditarent.
621 4004 728 4068 omnia
743 4009 850 4067 autem
867 4004 1018 4086 exempla
1031 4004 1159 4069 illarum
1175 4006 1455 4087 diphthongorum,

329 4102 468 4182 quaein
495 4100 596 4164 titulis
619 4101 734 4166 Atticis
762 4106 943 4182 exstarent,
973 4119 1044 4164 oum
1072 4121 1165 4167 nemo
1194 4103 1299 4166 adhuc
1328 4102 1458 4183 propria

329 4218 404 4263 cura
426 4197 602 4279 collegerit,
626 4218 691 4261 non
706 4216 980 4281 supervacaneum
1003 4199 1115 4279 putavi
1130 4199 1213 4262 hane
1235 4198 1456 4262 collectionem

330 4294 375 4359 ita
396 4294 574 4375 instituere,
599 4301 642 4375 ut,
671 4294 842 4378 inquibus
865 4302 953 4361 certa
975 4303 1060 4362 esset
1081 4295 1243 4375 utriusque
1266 4294 1458 4377 diphthongi
