3575 5334
474 710 507 764 de
524 711 678 765 nominibus
696 712 856 767 suffixorum
874 717 931 765 enc—
949 716 977 765 et
994 714 1078 766 mino-
1096 727 1148 781 ope
1164 714 1296 768 formatis.
1388 712 1450 773 359

415 902 539 945 conanus
562 886 671 961 (coma)
700 881 786 947 idem
809 882 894 964 quod
918 892 1073 957 samatus
1095 918 1134 927 —
1158 886 1340 967 oomposit.:
1365 890 1451 949 auni-

329 1000 463 1055 aomans,
478 979 739 1065 flammicomus,
756 979 976 1066 flavicomans,
997 981 1236 1063 qlauaioomans,
1253 985 1450 1065 rynisomans.

329 1078 481 1150 (Verbum
517 1077 655 1159 simplex
689 1098 813 1139 comare
848 1079 965 1160 legitur
1000 1098 1052 1161 ap.
1085 1078 1255 1145 Paulinum
1289 1083 1450 1147 Nolanum

329 1185 360 1241 et
382 1176 637 1253 Tertullianum).

413 1293 526 1334 roseas
546 1272 632 1338 idem
655 1273 741 1355 quod
763 1293 889 1336 roseas:
916 1274 1017 1338 Poeta
1039 1275 1071 1337 in
1094 1273 1249 1341 Cataleet.
1272 1281 1302 1354 2,
1326 1282 1376 1343 28.

413 1391 608 1452 reyarnmaus
625 1371 645 1434 i.
663 1391 690 1436 e.
714 1372 850 1453 duplicis
872 1392 1019 1454 gammae
1041 1371 1175 1454 figuram
1190 1384 1450 1456 repraesentans:

329 1469 421 1533 limes
450 1472 573 1549 Aggen.
606 1469 640 1532 in
667 1469 810 1532 Frontin.
845 1489 875 1552 p.
907 1473 947 1534 62
981 1469 1031 1534 ed.
1062 1471 1213 1548 Gaesius3
1245 1473 1332 1538 linea
1360 1474 1451 1538 Aust.

330 1565 369 1631 de
404 1565 493 1628 limit.
528 1586 558 1648 p.
589 1569 662 1629 254.
714 1566 839 1631 Nomen
873 1568 957 1632 enim
990 1587 1139 1650 graecum
1174 1565 1213 1631 τὸ
1250 1567 1362 1651 γάμμα
1399 1576 1450 1647 (st.

329 1678 488 1745 narrant-l
512 1663 544 1727 in
567 1664 679 1745 lingua
699 1663 802 1728 latina
823 1663 968 1728 feminini
990 1666 1117 1747 generis
1140 1672 1196 1731 est.

413 1761 541 1823 stellans
568 1759 588 1823 i.
612 1779 639 1825 e.
671 1761 781 1825 stellas
810 1780 942 1843 gerens:
974 1763 1099 1827 eaelum
1128 1770 1166 1829 st.
1196 1765 1298 1843 Luer„
1325 1784 1453 1848 gemma

329 1866 368 1923 st.
384 1856 454 1936 On,
478 1857 565 1922 frons
581 1865 619 1922 st.
636 1858 744 1939 Mar·t.;
767 1858 804 1922 of.
824 1859 973 1921 stellatas.
1019 1861 1171 1934 (Verbum
1186 1864 1309 1927 transit.
1324 1865 1452 1926 stellare
1560 1926 1565 1935 ,

330 1956 379 2020 bis
401 1955 517 2035 legitur
539 1954 626 2037 apud
649 1955 731 2018 Plin.
755 1961 787 2019 et
809 1955 897 2037 apud
918 1955 1062 2038 Symml.

414 2055 444 2128 2)
467 2053 495 2116 Α
518 2051 748 2116 nominibus
770 2052 809 2116 in
832 2071 850 2114 o
875 2052 1077 2118 derivata:

413 2156 444 2226 a)
468 2170 488 2213 a
510 2149 732 2214 substantivis:

414 2245 537 2308 bannus
553 2246 574 2311 i.
591 2266 617 2311 e.
633 2246 750 2310 buxum
770 2247 875 2311 eolore
889 2246 1045 2311 referens:
1063 2249 1353 2331 pallorllpul.Met.
1364 2252 1450 2331 8,21,

414 2345 609 2406 aaauiaulans
630 2344 650 2405 i.
667 2362 694 2408 e.
717 2343 868 2407 corniculi
892 2344 959 2407 sire
982 2363 1097 2409 oornus
1121 2344 1252 2428 figuram
1275 2347 1451 2428 praebens:

328 2442 406 2506 luna
429 2442 534 2506 Solin..
553 2444 603 2519 32,
630 2444 684 2522 173
709 2440 868 2504 Ammian.
892 2445 942 2520 20,
967 2444 985 2505 3
1009 2440 1059 2515 (ol.
1083 2444 1327 2519 cornicula-tus).

413 2549 558 2601 rostruns
596 2537 616 2601 i.
652 2557 679 2603 e.
719 2543 854 2602 rostrum
893 2537 1091 2619 impingens:
1131 2546 1289 2605 rostrante
1324 2560 1453 2607 vomere

330 2637 411 2701 Plin.
440 2638 487 2716 18,
511 2638 562 2714 49,
586 2640 615 2698 4.

414 2734 445 2806 bl
469 2733 511 2796 ab
533 2730 719 2813 adjeotivis:

414 2830 577 2891 eaerulaas
604 2829 624 2892 i.
649 2848 675 2893 e.
706 2829 888 2893 caeruleum
911 2830 1051 2895 eolorem
1073 2848 1204 2909 gerens:
1242 2831 1452 2916 Musa'pep-lo

329 2926 505 2994 eaerulanti
527 2925 704 2991 circumlita
724 2926 745 2989 i.
762 2944 790 2990 e.
813 2925 1008 3008 Astrologia:
1037 2926 1183 3008 Fulgent
1208 2928 1340 3010 Mytbol.
1364 2950 1395 3010 p.
1412 2932 1453 2993 26

329 3025 379 3091 ed.
415 3025 579 3089 Munoker.
612 3058 655 3068 —
693 3022 870 3087 Memoratu
910 3021 1041 3104 dignum
1077 3022 1218 3102 videtur,
1263 3024 1454 3088 vocabulum

330 3123 493 3185 eaenuluns
519 3142 584 3185 non
609 3120 651 3185 ab
679 3119 796 3202 adjeot.
820 3119 996 3191 caeruleus,
1027 3117 1085 3184 sed
1113 3120 1154 3183 ab
1184 3118 1301 3201 adjeet.
1330 3121 1454 3202 politiae
1579 3189 1583 3197 ,

329 3228 452 3285 tantum
474 3217 619 3283 adhibito
642 3218 785 3280 caerulus
807 3222 918 3280 natum
941 3234 1012 3280 esse
1035 3216 1085 3289 (of.
1109 3216 1326 3291 caemleatus).

414 3317 566 3399 pantanus
588 3315 607 3378 i.
626 3335 653 3380 e.
676 3315 826 3396 punioum
842 3314 980 3378 oolorem
995 3331 1127 3394 gerens:
1151 3313 1286 3396 phalera
1300 3333 1332 3395 p.
1346 3316 1452 3396 Apul,

329 3414 427 3479 facies
450 3434 481 3495 p.
504 3432 582 3495 prae
605 3410 727 3494 pudore
746 3412 841 3494 Apul.

416 3510 656 3593 quadrupedans
677 3509 698 3572 i.
721 3527 749 3573 e.
772 3516 906 3590 quatuor
927 3505 1064 3589 pedibus
1085 3505 1250 3588 incedens,
1273 3507 1314 3572 ab
1336 3507 1453 3590 adjeet.

331 3606 552 3691 quadrupedes
566 3604 651 3671 idem
663 3604 855 3688 significanti
870 3612 989 3669 ortum:
1005 3603 1166 3670 eanterius
1181 3624 1211 3685 q.
1223 3604 1338 3684 Plaut,
1354 3624 1454 3688 equus

330 3724 358 3785 q.
383 3702 479 3784 Plin,
508 3723 538 3784 q.
561 3703 717 3768 substant.
743 3703 763 3766 i.
788 3722 815 3768 e.
843 3722 942 3785 equus
965 3700 1133 3783 Verg.·(ol.
1158 3701 1452 3785 quadrupeda-tim).

415 3801 597 3862 unanimous
624 3798 710 3865 idem
740 3799 825 3878 quod
853 3800 1016 3863 unanimus
1044 3799 1149 3863 Plaut.
1177 3802 1270 3863 Truo.
1294 3802 1323 3880 2,
1347 3803 1377 3880 4,
1401 3802 1453 3880 81,

331 3900 435 3964 Amm.
459 3900 517 3977 21,
541 3903 576 3979 5,
601 3901 630 3960 9.
675 3896 743 3961 Hae
772 3898 955 3958 unanimous
983 3916 1049 3960 non
1077 3896 1285 3979 compositum
1314 3915 1385 3961 esse
1414 3915 1455 3963 ex

331 4015 386 4058 un·
414 3994 435 4059 i.
462 4013 591 4059 eunus
620 4000 652 4059 et
680 3995 819 4055 animans
847 3993 868 4057 i.
894 4012 922 4058 e.
951 4000 1032 4076 part.
1059 4012 1164 4076 praes.
1187 3992 1277 4058 verbi
1303 3995 1452 4065 animare,

332 4091 388 4157 sed
405 4110 477 4157 esse
491 4099 572 4175 part.
584 4091 674 4157 verbi
690 4090 921 4156 denominativi
936 4088 1146 4153 *unanimam
1160 4090 1202 4154 ab
1217 4090 1379 4151 urranimus
1393 4090 1455 4154 orti

332 4208 463 4255 monere
485 4210 550 4254 non
572 4208 643 4255 esse
657 4206 933 4270 supervaoaneum
948 4188 1083 4267 videtur,
1107 4207 1202 4268 quum
1224 4205 1309 4250 nuno
1329 4206 1455 4269 quoque

333 4286 366 4350 in
388 4284 509 4368 lerninis,
534 4286 648 4366 quibus
670 4287 796 4367 utimur,
819 4285 898 4350 talia
919 4285 1066 4366 legantur
1089 4284 1139 4362 (el.
1162 4284 1325 4359 animans).
