3575 5334
658 688 691 743 de
709 688 792 756 alpha
808 686 949 741 intensive.
1327 680 1369 741 95

243 880 313 926 cum
337 881 435 946 supra
456 858 635 926 accuratius
657 860 835 943 expositum
864 858 920 940 sit,
950 858 1031 924 haec
1061 857 1132 924 sola
1161 854 1254 922 nobis
1276 875 1374 939 quae·

244 959 303 1025 stic
332 959 523 1042 relinquitur
555 978 632 1024 uum
659 977 742 1041 quae
770 956 913 1023 omnino-
928 959 1007 1025 satis
1035 966 1122 1025 certa
1147 957 1297 1040 exempla
1324 958 1371 1023 in-

244 1057 415 1125 veniantur
445 1055 717 1141 praepositionum
746 1055 827 1122 adeo
850 1054 1077 1122 mutilatorum.
1122 1057 1227 1139 Atque
1241 1052 1282 1120 ‘in
1310 1052 1371 1120 hoc

244 1173 363 1238 genere
395 1154 530 1219 multum
562 1152 696 1219 interest
728 1153 810 1219 scire
845 1154 959 1236 quales
995 1154 1060 1220 sint
1089 1155 1170 1221 istae
1208 1153 1370 1237 praeposi-

244 1253 359 1332 tiones,
382 1250 642 1334 quandcquidem
664 1271 729 1316 non
752 1251 866 1318 eadem
889 1253 1029 1317 omnium
1052 1252 1185 1319 mutatio
1207 1249 1370 1317 credibilis

244 1350 380 1416 videtur.
418 1348 586 1413 Facillime
602 1343 666 1413 ἅνυί
688 1355 742 1423 (an
765 1350 830 1414 alio
852 1370 929 1415 casu
950 1351 992 1415 ab
1010 1350 1124 1418 eadem
1146 1350 1245 1433 stirpe
1266 1346 1371 1414 flecte-

244 1447 337 1513 batur
365 1441 422 1510 ἀνί
451 1451 485 1509 ut
507 1441 592 1522 evea)
620 1446 666 1511 ita
688 1447 847 1512 decurtari
875 1447 979 1531 potuit
1000 1455 1035 1513 ut
1061 1467 1120 1533 per
1140 1465 1307 1533 apocopen
1329 1440 1370 1509 ἆυ

244 1547 444 1623 nasceretur,
475 1542 560 1626 quod
587 1542 740 1627 deinceps
769 1542 804 1607 in
826 1544 991 1610 nonnullis
1012 1544 1178 1610 vocabulis
1199 1549 1276 1610 ante
1298 1560 1372 1609 con·

244 1660 341 1707 sonas
370 1637 512 1705 initiales
539 1639 693 1724 imprimis
721 1646 797 1707 ante
826 1640 971 1725 duplices
999 1643 1105 1709 naseli
1132 1643 1293 1727 privatum
1322 1645 1371 1707 est

243 1738 333 1804 nulla
362 1737 475 1803 relicta
497 1736 706 1822 productione
728 1739 935 1823 suppletoria.
980 1740 1015 1806 Si
1040 1742 1163 1808 nasalis
1184 1740 1268 1806 inter
1289 1738 1371 1805 duas

244 1841 374 1905 vocales
396 1856 589 1903 evanescere
611 1843 728 1919 posset,
752 1844 784 1902 et
805 1837 907 1901 forma
922 1844 954 1904 et
969 1836 1201 1919 significatione
1218 1838 1370 1920 jamnon

244 1939 412 2002 obscurum
428 1938 514 2000 esset
529 1929 679 2019 αἰ-ζηό-ς
700 1953 759 2024 pro
780 1930 951 2021 ἅνι-ζηός
974 1935 1025 2011 (υ1.
1041 1935 1169 2002 Sanscr.
1182 1936 1275 2020 jova,
1299 1936 1369 1999 Lat.

236 2034 396 2119 jacentus,
419 2028 510 2119 ἥβη),
533 2036 568 2095 ut
582 2027 666 2096 esset
681 2030 851 2112 „juvenis“
873 2032 893 2095 i.
910 2051 940 2113 q.
955 2031 1136 2099 increscens
1151 2054 1196 2094 υυ
1194 2032 1227 2115 s
1228 2032 1369 2108 hlutard,

244 2132 299 2198 scd
323 2130 422 2195 dubia
449 2148 501 2195 res
523 2136 580 2195 est.
625 2126 719 2192 Certe
746 2128 876 2210 quidem
899 2129 1000 2211 alpha
1029 2130 1063 2194 in
1091 2130 1255 2196 nonnullis
1278 2148 1370 2195 voca·

244 2229 328 2294 bulis
356 2247 414 2311 pro
443 2222 681 2309 praepositione
710 2225 865 2291 habemus
889 2232 932 2291 et
959 2226 992 2290 in
1023 2246 1095 2292 eum
1129 2245 1295 2292 numerum
1325 2245 1371 2291 re-

242 2327 374 2393 ierimus

332 2473 361 2547 1)
385 2462 610 2551 &aaronita

244 2617 326 2682 Aur.
351 2610 519 2700 ἅσπερχές
541 2612 628 2697 apud
646 2613 818 2678 Homerum
841 2614 958 2697 legitur
979 2620 1008 2679 Σ
1021 2619 1083 2681 556
1105 2610 1187 2681 ἇσπ.
1209 2610 1368 2697 πάρεχον,

243 2719 278 2777 Χ
294 2715 355 2779 188
379 2707 410 2777 ἅ.
427 2712 581 2788 κλονέων,
605 2713 637 2775 Δ
651 2714 701 2792 32,
724 2716 761 2773 X
779 2716 817 2775 10
833 2706 864 2775 o't.
880 2716 1073 2791 μενεαίνων.
1109 2713 1215 2777 Schol.
1232 2712 1268 2775 V.
1286 2706 1368 2793 ἄγαν

245 2808 500 2889 ἐσπευσμένως,
533 2813 573 2873 Π
592 2810 630 2871 61
667 2803 749 2872 doru.
779 2809 995 2890 κεχολῶσθαι
1024 2810 1123 2876 schol.
1153 2810 1189 2874 Β.
1219 2804 1370 2873 ἀδιαλεί-

245 2930 350 2985 πτως,
374 2902 476 2990 ἄγαν
500 2903 759 2987 ἐπιτεταμένως,
783 2901 998 2993 ἀμεταβλητί.
1037 2906 1084 2972 cl.
1107 2908 1157 2971 Et.
1173 2906 1214 2971 M.
1234 2908 1304 2986 156,
1329 2910 1369 2970 55

245 3001 491 3081 ἀδιαλείπτως,
524 3009 584 3067 τοῦ
618 3000 639 3066 ἆ
673 2998 764 3066 κατ)
794 3001 994 3069 ἐπίτασιν
1027 3009 1179 3068 τουτέστι
1212 3001 1250 3065 τὸ
1285 2998 1369 3086 ἄγαν

243 3098 486 3182 ἔσπευσμένυν,
509 3096 603 3183 παρὰ
625 3099 663 3163 τὸ
688 3105 839 3183 σπέρχω,
864 3108 1025 3182 συνεχῶς,
1049 3099 1208 3182 ἰσχυρῶς,
1230 3104 1367 3177 ταχέως,

241 3199 330 3265 Eust.
354 3195 602 3283 πυλυσπερχής.
647 3197 752 3263 Etiam
778 3200 869 3263 multi
898 3199 1091 3264 recentiores
1113 3199 1304 3280 interpretes
1325 3194 1368 3258 ad

242 3297 341 3379 alpha
369 3294 563 3359 intensivum
595 3294 806 3379 confugerunt
838 3297 928 3361 velut
954 3297 1115 3380 Heynius‚
1150 3292 1367 3372 'Phierschius

240 3394 460 3475 Duentrerus3
489 3391 702 3458 Doederlinus
730 3394 830 3476 alpha
857 3394 1069 3476 euphonicum
1093 3399 1264 3475 nuncupat.
1308 3390 1369 3453 Lo-

241 3489 378 3555 beckius
399 3497 505 3554 autem
528 3508 638 3554 vocem
662 3508 733 3555 esse
754 3491 962 3573 compositam
985 3497 1094 3556 censet
1114 3510 1185 3555 cum
1206 3487 1367 3572 praeposi·

240 3587 330 3653 tione
358 3586 517 3669 loquelari
545 3604 602 3669 per
634 3606 669 3652 se
698 3588 778 3651 nihil
808 3586 1016 3669 significanti,
1049 3589 1251 3653 Hermannus
1280 3584 1367 3650 deni·

241 3703 304 3765 que
340 3702 362 3749 a
397 3684 495 3749 verbo
534 3687 669 3765 σπέρχω
707 3704 823 3767 urgeo,
866 3686 985 3768 instigo
1019 3682 1188 3769 ἀσπερχές
1232 3682 1367 3764 derivat,

239 3789 276 3845 ut
297 3780 341 3845 sit
362 3780 454 3858 „sine
475 3779 711 3863 instigationet,
736 3783 871 3864 „ult1·c“,
894 3783 915 3848 i.
939 3801 965 3847 e.
990 3784 1206 3850 vehementer.
1250 3783 1367 3849 Verum

240 3886 290 3944 est
317 3897 338 3942 a
368 3882 528 3960 σπέρχειν
556 3878 724 3961 premendi
752 3878 850 3944 verbo
880 3877 1077 3947 descendere
1110 3875 1290 3964 ἀσπερχὲςΥ
1309 3878 1367 3946 sed

238 3974 340 4058 alpha
362 3974 522 4058 privativo
544 3975 621 4059 quid
649 3976 779 4041 tandem
808 3974 1012 4059 proficimus?
1054 3979 1170 4058 Itaque
1198 3972 1394 4057 ἄσπερχές-

238 4092 309 4138 oum
326 4070 435 4138 Curtio
459 4074 480 4137 l.
506 4073 527 4137 l.
554 4078 612 4138 191
635 4094 692 4157 pro
716 4068 919 4155 ἆν-σπιρχές
942 4094 1013 4141 esse
1034 4074 1226 4140 arbitramur
1248 4073 1366 4151 in'quo

239 4169 437 4254 praepositio
466 4166 530 4234 ἀνά
557 4191 685 4238 sensum
714 4170 812 4236 habet
834 4171 996 4254 optimum.
1041 4171 1132 4237 Idem
1160 4165 1365 4236 statuendum

237 4274 288 4333 est
309 4268 349 4336 de
371 4266 535 4349 adjectivo
