3575 5334
476 697 510 751 de
527 696 678 751 nominibus
696 695 856 750 suffixorum
873 702 929 749 eut·
947 698 975 748 et
993 695 1077 747 nrirra-
1094 708 1146 762 ope
1163 694 1295 748 formatis,
1392 692 1453 752 363

371 869 570 933 amicula-tus
802 868 964 930 amiculum
1248 866 1376 927 amicire

415 965 537 1031 Eodem
561 964 672 1028 mado:

369 1064 514 1147 petulans
802 1058 915 1145 *putul
934 1100 946 1108 -
1244 1070 1356 1142 petere

329 1180 401 1226 esse
423 1160 592 1224 sarmatum
616 1159 758 1240 videtur·;
780 1161 930 1243 petala-s
951 1158 1047 1242 igitur
1069 1165 1116 1223 est
1138 1159 1191 1240 qui
1213 1158 1304 1240 petit,
1328 1165 1361 1220 ut
1382 1158 1454 1219 stri-

329 1260 421 1321 dulas
435 1258 491 1340 'qui
513 1256 618 1324 stridit
635 1255 781 1336 (stridet),
805 1258 1008 1339 procacitatis
1026 1258 1115 1339 quasi
1135 1256 1267 1319 natione
1288 1254 1452 1336 adjuncta.

416 1357 586 1418 materians
617 1352 638 1418 i.
674 1373 702 1418 e.
738 1361 953 1419 mutuaturus:
998 1354 1155 1418 mutuanti
1187 1353 1318 1417 eredere
1349 1352 1451 1416 Plaut.

329 1455 426 1519 Mera.
449 1454 530 1536 prol.
555 1455 595 1517 58
618 1451 668 1516 ed.
693 1452 825 1517 Ritsehl.
872 1452 949 1518 Cum
979 1452 1040 1517 hae
1062 1450 1221 1515 formandi
1242 1450 1367 1514 ratione
1388 1468 1453 1511 non

330 1551 451 1631 habeo,
486 1548 571 1632 quad
602 1569 643 1614 ex
670 1550 782 1631 lingua
803 1551 906 1614 latina
934 1568 1125 1632 comparem.
1171 1548 1278 1613 Verba
1306 1547 1391 1612 enim
1419 1546 1453 1609 in

330 1650 428 1710 -itare
450 1654 523 1713 sunt
545 1647 795 1728 frequentativa,
825 1668 909 1730 quae
930 1653 1095 1712 vocantur.
1139 1646 1242 1728 Hujus
1264 1664 1339 1710 veru
1362 1663 1454 1709 vaea-

330 1746 396 1811 buli
426 1751 571 1828 potestas
599 1766 665 1809 non
695 1752 742 1810 est
768 1746 857 1810 verbi
886 1745 1130 1828 frequentativi,
1160 1744 1218 1810 sed
1247 1744 1454 1809 desiderativi

332 1856 339 1910 t
344 1862 427 1925 quae
442 1843 497 1907 lat.
514 1843 548 1906 in
563 1845 666 1904 -um're
682 1850 800 1907 exeunt
815 1851 863 1907 ut:
888 1846 1076 1915 certaturae,
1090 1843 1263 1926 nupturae,
1278 1844 1453 1919 parturire,

329 1942 517 2025 amputandae,
546 1941 690 2017 esurire).
734 1940 908 2001 Matutinus
932 1940 1029 2020 igitur
1050 1958 1122 2004 esse
1144 1945 1227 2022 part.
1250 1940 1338 2004 verbi
1361 1938 1454 1999 *mrt-

329 2040 447 2101 taitare
468 2056 489 2101 a
510 2038 639 2102 nomine
661 2039 810 2098 matraio·
833 2036 886 2110 (ad
909 2036 1026 2118 adjeat.
1048 2046 1167 2099 nautae·
1188 2037 1378 2119 pertinente)
1401 2038 1455 2101 de·

331 2136 417 2200 danti
441 2134 614 2216 ennjeetari
638 2134 776 2216 quidem,
801 2133 1012 2198 demonstrari
1034 2153 1110 2199 vera
1132 2154 1198 2197 non
1220 2139 1335 2215 petest.

412 2253 609 2315 praepararas:
642 2239 723 2316 part.
757 2251 797 2295 ex
825 2250 974 2313 praepes.
1004 2250 1085 2312 prae
1114 2238 1146 2296 et
1174 2231 1273 2313 stirpe
1300 2251 1380 2313 pua·
1409 2233 1452 2306 (in

331 2335 524 2412 (qtae-saar,
555 2335 726 2411 (pina-tus)
750 2328 863 2393 eadem
886 2327 981 2392 moda
1005 2348 1066 2409 qua
1089 2335 1169 2411 part.
1197 2329 1282 2400 daus,
1305 2338 1392 2391 stans
1413 2323 1453 2397 ex

331 2427 484 2510 stirpibus
507 2428 562 2500 da,
590 2437 639 2489 sta
668 2427 836 2491 formatum
865 2426 987 2491 habeas
1009 2427 1228 2493 libentissime.
1273 2427 1365 2507 Quod
1388 2427 1454 2493 fieri

331 2546 396 2589 nan
426 2544 521 2607 passe
551 2526 696 2589 vocabuli
728 2523 959 2606 significatione
987 2525 1148 2607 probatur.
1193 2526 1276 2589 Nam
1306 2526 1333 2591 si
1360 2546 1454 2609 prae-

330 2642 429 2703 paans
459 2630 542 2687 esset
569 2622 779 2705 compositam
809 2642 849 2687 ex
877 2642 1024 2705 praepos.
1049 2643 1131 2705 prae
1153 2629 1185 2687 et
1211 2629 1292 2706 part.
1321 2621 1453 2706 *panna

330 2720 523 2785 vocabulum
539 2741 603 2784 nan
621 2720 798 2802 gravidam,
822 2719 880 2785 sed
893 2721 1059 2785 mulierem
1083 2721 1250 2803 praemia,
1274 2722 1343 2786 sive
1365 2741 1454 2804 prae-

331 2825 455 2883 mature
482 2823 609 2900 partum
638 2817 788 2883 edentem
820 2817 1023 2898 significaret.
1074 2818 1164 2895 Quae
1193 2838 1289 2899 quum
1318 2819 1363 2883 ita
1391 2819 1455 2883 sint

331 2934 382 2981 me
404 2935 471 2979 non
494 2914 562 2977 falli
587 2916 715 2997 opiner,
746 2915 773 2980 si
794 2935 975 2997 praeparans
1002 2922 1083 2998 part.
1106 2915 1195 2979 verbi
1225 2915 1454 2980 denominativi

330 3032 523 3096 praequam,
566 3012 653 3078 unde
694 3018 861 3095 praeterea
897 3011 1041 3094 proseuta
1077 3019 1165 3076 sunt:
1205 3024 1364 3095 praepaas
1402 3019 1455 3088 (ex

332 3106 563 3193 *praepna(t)s‚
593 3107 822 3193 *praepatium
852 3115 886 3173 ut
908 3121 1048 3172 mansues
1070 3128 1110 3174 ex
1133 3117 1335 3182 maumetusu
1359 3131 1455 3194 prae-

331 3217 435 3289 paam
472 3207 572 3270 subet.
601 3217 809 3289 praepatuit,
839 3228 859 3272 a
886 3205 1017 3271 nomine
1045 3203 1227 3289 *praequm-
1260 3207 1291 3283 (i.
1316 3226 1342 3271 e.
1372 3209 1455 3289 pari·

332 3309 438 3384 turus,
462 3309 496 3367 ut
515 3324 710 3387 praeparare:
740 3311 836 3381 „ante
864 3310 990 3386 partum
1014 3307 1115 3384 esse“‚
1144 3304 1340 3386 „pariturum
1364 3310 1455 3370 esse“

332 3402 532 3484 „parturire“
554 3400 722 3482 significet)
745 3402 830 3466 ducti
853 3421 925 3467 esse
947 3420 1106 3466 censeam.

419 3512 567 3579 auripans
594 3499 615 3561 i.
639 3518 666 3563 e.
697 3499 766 3563 auri
796 3500 934 3581 speeiem
965 3499 1140 3581 praebens:
1171 3500 1266 3563 salar.
1295 3498 1359 3564 Jul.
1384 3498 1454 3563 Val.

332 3615 393 3661 rer.
416 3603 497 3676 gest.
514 3595 613 3660 Alex.
637 3597 677 3660 M.
699 3600 728 3675 3,
746 3600 796 3675 36,
821 3598 912 3678 quasi
934 3605 1015 3679 part,
1040 3616 1144 3680 praes.
1166 3604 1214 3662 est
1235 3597 1325 3661 verbi
1347 3594 1456 3659 *aaru-

331 3712 408 3771 pare
447 3692 489 3756 ab
529 3692 646 3774 adjeet.
684 3693 822 3774 quadam
858 3693 1011 3760 inusitata
1050 3692 1205 3776 *auripo-
1243 3693 1452 3776 significanti:

332 3810 443 3851 aarum
464 3809 558 3870 upana
580 3790 735 3872 originem
759 3791 914 3854 ducentis.

418 3887 500 3951 Mira
522 3906 600 3951 sane
623 3888 747 3951 ratione
769 3886 906 3951 formata
928 3893 1019 3951 sunt:

419 4002 530 4044 errans:
557 3985 795 4067 partieipiarum
817 4002 907 4049 mare
929 3983 1066 4049 effictum
1089 4006 1109 4049 a
1131 4004 1209 4052 vane
1237 4005 1355 4068 graeca
1380 3978 1455 4049 εὐάν

334 4080 383 4158 (ef.
414 4072 567 4161 εὐάζειν),
601 4100 664 4162 qua
696 4080 890 4164 significatur
923 4102 987 4146 vax
1018 4083 1184 4147 mulierum
1217 4083 1456 4157 banebantium:

333 4174 500 4260 Thyiades
522 4175 639 4243 Catull.
661 4183 712 4260 64,
734 4182 793 4245 391
811 4181 871 4262 al.;
898 4187 1013 4244 natura
1038 4180 1127 4244 verbi
1149 4186 1293 4246 servata:
1324 4188 1457 4247 euantes

334 4277 426 4359 orgia
448 4277 543 4359 Verg.
567 4276 648 4341 Aen.
676 4280 704 4356 6,
730 4280 801 4342 517.
