3575 5334
414 665 475 726 266
928 667 1016 723 Cauer

413 847 576 905 contracta
604 840 654 904 sit.
698 860 772 904 nam
796 848 903 905 cetera
925 841 1074 923 exempla
1102 840 1282 921 (Προκλέης
1309 846 1359 917 45,
1387 856 1407 905 r.
1448 845 1535 924 Θρα-

414 939 549 1021 coatrae
572 940 600 999 7.
640 936 823 1020 Χαρικλέης
846 940 945 1017 432a,
974 939 1005 998 in
1027 939 1176 1020 marpissa.
1206 975 1248 985 -
1276 938 1391 1022 κλεηΙς]
1414 942 1487 1021 377,
1511 945 1533 1015 l)

413 1036 530 1101 radicis
552 1041 675 1100 tantum
703 1036 848 1100 vocalem
870 1042 947 1100 ante
974 1035 1233 1102 terminationem
1255 1056 1320 1101 non
1341 1043 1536 1102 contractam

413 1133 550 1213 habent,
577 1153 672 1214 quam
694 1132 793 1196 multo
815 1132 941 1198 facilius
963 1153 1058 1215 quam
1081 1133 1301 1214 thematieam,
1331 1134 1359 1199 si
1381 1134 1457 1199 licet
1478 1134 1536 1200 hoc

413 1231 569 1296 vocabulo
592 1230 652 1309 uti,
683 1229 756 1294 ferri
786 1231 929 1312 potuisse
955 1240 1204 1297 consentaneum
1227 1238 1284 1296 est.
1329 1226 1536 1313 Κλεομὴδεος

412 1336 518 1393 autem
535 1347 573 1393 eo
595 1327 730 1392 fortasse
745 1328 933 1409 explicatur,
957 1327 1041 1410 quod
1063 1327 1119 1393 illo
1133 1330 1213 1409 loco,
1238 1347 1300 1410 quo
1315 1329 1422 1393 soluta
1436 1328 1538 1394 forma

412 1433 527 1503 exstat,
551 1444 615 1488 non
639 1423 680 1489 de
702 1424 771 1489 eive
793 1424 902 1506 aliquo
919 1424 1117 1505 Atheniensi,
1140 1424 1197 1490 sed
1221 1425 1261 1490 de
1282 1425 1391 1490 Samio
1414 1425 1537 1491 dicitur.

412 1530 552 1589 ceterum
585 1523 716 1586 nomina
749 1522 878 1604 propria
909 1522 943 1585 in
975 1521 1069 1601 -κλῆς
1102 1522 1283 1587 desinentia
1311 1523 1464 1604 quoniam
1498 1528 1536 1586 47

413 1614 559 1699 omnino,
590 1619 616 1684 si
637 1625 724 1683 recte
745 1620 928 1700 numeravi,
959 1620 992 1683 in
1021 1619 1281 1702 inscriptionibus
1310 1620 1538 1686 vetustioribus

413 1725 468 1783 aut
496 1717 630 1800 singulis
658 1714 737 1779 locis
764 1722 819 1780 aut
847 1717 977 1800 saepius
997 1718 1207 1800 reperiuntur,
1236 1717 1445 1800 perexiguum
1468 1737 1539 1784 esse

412 1821 551 1899 apparet
589 1832 754 1878 numerum
792 1815 964 1879 formarum
1001 1815 1185 1880 solutarum.
1238 1816 1347 1896 itaque
1380 1815 1538 1882 immerito

414 1912 694 1977 Weckleinius
721 1909 794 1976 Cur.
817 1931 867 1993 ep.
891 1914 931 1974 24
960 1912 993 1975 in
1023 1911 1220 1977 nominativo
1243 1912 1380 1976 solutam
1402 1912 1538 1977 formam

413 2011 522 2094 -κλέης
545 2009 688 2074 erehram
718 2027 789 2073 esse
818 2008 904 2073 dicit.
948 2009 1005 2075 sed
1034 2008 1120 2073 idem
1143 2009 1229 2090 quod
1254 2009 1394 2075 maxime
1414 2011 1449 2075 in
1473 2012 1539 2075 vol·

412 2109 481 2191 gari
503 2125 650 2173 sermone
672 2126 743 2171 eam
767 2106 916 2170 usitatam
938 2106 1036 2172 fuisse
1057 2106 1186 2186 iudicat,
1209 2113 1295 2172 recte
1317 2107 1403 2171 lacit.
1435 2116 1539 2173 utrae-

413 2225 474 2287 que
507 2204 592 2270 enim
624 2205 745 2268 formae
777 2202 864 2285 apud
893 2204 1015 2269 Atticos
1048 2204 1258 2285 pervolgatas
1291 2210 1399 2284 erant,
1433 2224 1538 2287 neque

413 2304 528 2368 desunt
559 2303 654 2367 etiam
685 2321 725 2366 ex
754 2300 931 2382 posteriore
958 2306 1065 2367 aetate
1087 2301 1237 2382 exempla
1259 2300 1431 2365 formarum
1455 2304 1538 2368 solu·

411 2406 525 2481 tarum,
548 2419 681 2480 quarum
705 2397 925 2462 Weckleinins
947 2397 968 2461 l.
991 2398 1012 2460 l.
1036 2400 1077 2460 22
1100 2398 1271 2463 nonnullas
1293 2398 1396 2463 affert.

499 2518 539 2561 eo
568 2496 734 2560 vocales
756 2494 896 2559 Ionieo
925 2514 1029 2559 more
1056 2496 1097 2560 in
1124 2518 1165 2560 ευ
1195 2501 1434 2562 contractae
1463 2502 1538 2562 sunt

413 2592 445 2656 in
467 2593 650 2657 nominihus
673 2591 809 2674 propriis
833 2594 993 2674 Θευγένης
1016 2599 1047 2656 et
1072 2594 1264 2675 Θευγείτων,
1289 2594 1387 2673 3240,
1410 2605 1450 2657 54.
1474 2593 1538 2673 d,8

414 2696 445 2753 et
467 2709 493 2770 e,
516 2700 555 2752 59.
577 2699 616 2753 68.
646 2708 680 2753 re
702 2707 779 2753 vera
800 2695 906 2753 autem
929 2708 991 2752 non
1014 2689 1155 2754 Ionicam
1178 2690 1428 2755 contractionem
1452 2690 1538 2773 apud

414 2785 537 2850 Atticos
565 2785 698 2865 iactam,
728 2786 786 2851 sed
809 2786 951 2851 Ionicum
980 2787 1075 2852 totius
1103 2786 1241 2852 nominis
1269 2786 1404 2851 formam
1426 2787 1537 2853 abeis

412 2890 573 2966 receptam
597 2902 667 2948 esse
689 2883 782 2948 facile
804 2883 1010 2964 intellegitur.

499 3002 545 3044 ao
569 2980 715 3045 Dorico
738 3001 844 3046 more
866 2980 906 3044 in
929 2984 950 3043 ᾶ
973 2987 1208 3046 contractae
1231 2979 1389 3062 praebent
1404 2992 1537 3064 quatuor

412 3078 544 3143 nomina
565 3078 695 3161 propria
717 3078 750 3142 in
772 3077 849 3153 -λας
872 3098 912 3143 ex
935 3076 1031 3153 -λαος
1053 3083 1249 3143 contractum
1272 3080 1441 3144 exeuntia:
1461 3073 1536 3161 'Ap-

410 3176 507 3257 χέλας
522 3179 562 3239 42
570 3176 601 3257 b,
619 3186 656 3240 12.
680 3178 752 3253 433,
768 3188 791 3239 l.
812 3167 1007 3252 Ἀναξίλα[ς]
1023 3178 1096 3255 433,
1114 3187 1150 3237 ll.
1173 3175 1274 3255 4411),
1290 3188 1314 3239 5.
1345 3168 1537 3257 Ἀρκεσίλας

411 3278 484 3356 433,
507 3286 546 3337 29.
590 3270 758 3353 Κρησίλας
782 3275 854 3352 402,
876 3275 1003 3378 4.,403,
1027 3284 1051 3334 3.
1096 3271 1246 3337 Archelai
1274 3274 1414 3340 nominis
1443 3278 1536 3343 etiarn

411 3372 445 3434 in
468 3392 545 3444 -αος
575 3369 686 3434 exiens
714 3368 869 3451 scriptura
898 3375 1003 3434 exstat
1032 3371 1166 3449 448,19.
1211 3376 1350 3435 ceterum
1379 3372 1413 3435 in
1440 3374 1536 3439 nomi·

412 3468 506 3531 nibus
532 3465 669 3549 propriis
696 3466 836 3531 maxime
868 3485 993 3544 eorum,
1028 3465 1082 3547 qui
1113 3486 1178 3530 non
1206 3466 1293 3531 cives
1322 3468 1535 3535 Athenienses

411 3569 503 3643 sunt,
533 3562 634 3627 multa
657 3562 799 3644 reperiri,
823 3584 906 3646 quae
927 3563 1053 3628 Atticae
1076 3562 1213 3628 dialecto
1235 3564 1341 3629 minus
1362 3585 1535 3631 accommo-

413 3660 490 3724 data
512 3659 587 3738 sint,
610 3659 723 3723 mirum
747 3679 817 3726 esse
839 3682 904 3725 non
926 3666 1041 3744 potest.

498 3755 686 3838 Oraseos,
721 3776 803 3838 quae
832 3757 961 3837 dicitur,
995 3756 1072 3822 satis
1101 3776 1193 3821 rarus
1223 3757 1257 3821 in
1291 3758 1394 3828 titulis
1423 3763 1533 3828 Atticis

412 3872 487 3918 usus
515 3859 573 3917 est.
618 3874 683 3918 non
712 3854 805 3936 plura
835 3875 931 3936 quam
959 3855 1041 3919 haec
1068 3862 1144 3919 ante
1166 3853 1311 3921 Euclidis
1340 3877 1462 3925 annum
1486 3880 1534 3926 ex·

355 3982 356 3985 ¹
411 3953 519 4034 empla
533 3951 652 4034 reperi:
675 3944 830 4035 τᾶθηνάᾳ
846 3954 953 4054 351,2.
978 3944 1147 4035 cisimulae
1158 3954 1230 4015 370.
1253 3948 1359 4017 villa
1371 3958 1460 4037 32A,
1471 3958 1532 4032 6.¹⁰)

482 4178 513 4241 ¹⁰)
538 4175 618 4231 huius
641 4175 765 4231 vocabuli
788 4176 859 4244 quod
883 4177 957 4246 apud
974 4175 1174 4231 Weckleinium
1196 4191 1225 4244 p.
1243 4180 1276 4230 50
1301 4176 1441 4245 aliquanto
1459 4182 1533 4250 plura

413 4256 536 4324 exempla
557 4256 640 4311 allata
662 4260 740 4320 sunt,
770 4255 826 4309 noli
850 4256 951 4311 mirari.
991 4258 1037 4313 ille
1061 4257 1131 4313 enim
1155 4256 1238 4311 etiam
1259 4256 1454 4328 inscriptiones
1475 4264 1533 4331 pest
