3575 5334
771 648 803 703 de
820 648 904 717 alpha
920 649 1062 704 intensive.
1261 655 1263 660 '
1422 646 1483 707 103

353 817 517 883 vocalis
508 840 542 883 m
572 818 707 884 formula
728 819 953 902 antiquissima
972 821 1025 888 vel
1049 821 1167 886 Dorica
1188 822 1242 886 vel
1263 820 1396 886 Aeolica
1418 841 1483 887 ser·

354 921 497 979 vatat
454 915 505 981 sit.
550 916 670 982 Sensus
691 916 747 982 sit:
775 916 815 981 oh
839 917 930 983 velis.

442 1064 722 1153 2γάγέρωχος

354 1202 418 1266 Vix
439 1203 541 1266 ullum
564 1213 613 1269 est
634 1204 824 1269 vocabulum
841 1204 998 1270 Graecum
1019 1204 1053 1268 in
1076 1224 1138 1285 quo
1161 1204 1354 1288 explicando
1376 1205 1480 1287 magis

353 1299 415 1363 viri
439 1298 524 1363 docti
546 1301 783 1366 elaboraverint
810 1320 849 1365 ac
875 1300 1107 1366 desudaverint
1134 1322 1229 1382 quarn
1257 1303 1290 1366 in
1312 1302 1389 1383 hoc,
1419 1322 1480 1367 nec

353 1402 463 1462 tamen
491 1396 600 1462 dubito
623 1398 786 1463 Lobeclrio
814 1398 962 1463 assentiri
991 1394 1161 1482 ἀγέρωχος
1189 1400 1222 1462 in
1251 1398 1291 1464 iis
1314 1400 1479 1465 vocabulis

352 1494 571 1575 enumeranti,
610 1514 741 1577 quorum
770 1484 877 1577 etyma
911 1496 965 1577 qui
993 1497 1110 1562 eruerit
1137 1497 1193 1560 ille
1224 1515 1282 1577 per
1313 1503 1479 1561 extentum

351 1591 461 1657 funem
495 1592 543 1657 ire
574 1611 669 1674 posse
701 1592 857 1658 videatur.
902 1594 971 1658 Hoc
999 1593 1084 1659 idenr
1115 1613 1175 1676 ego
1203 1592 1352 1677 profiteor
1380 1593 1477 1659 etiam

351 1695 425 1771 post
460 1688 667 1754 novissimam
702 1691 1001 1756 commentationem
1034 1691 1206 1774 diligenter
1223 1692 1385 1774 scriptam
1415 1711 1479 1773 qua

350 1784 603 1851 Schmalfeldius
638 1787 789 1857 (Islebiae
825 1790 918 1860 1872)
956 1787 1180 1853 difficillimum
1214 1789 1402 1853 vocabulum
1435 1789 1477 1853 ab

351 1884 438 1947 omni
461 1891 553 1966 parte
574 1890 743 1949 tractatum
766 1884 928 1966 explicare
950 1884 1086 1964 studuit,
1110 1884 1478 1969 p1·cfiteorillud,·quia

350 1981 429 2045 milri
459 1980 607 2062 quotiens
636 1981 677 2046 de
705 1981 827 2063 origine
848 1981 919 2063 ejus
941 1981 1120 2063 cogitabam
1146 2001 1273 2065 semper
1294 1982 1382 2047 aliud
1405 2001 1477 2048 esse

349 2078 563 2159 veriloquium
585 2078 763 2144 videbatur.
807 2079 876 2143 Nec
902 2077 1016 2143 suflicit
1037 2086 1179 2144 nostrum
1201 2079 1392 2144 vocabulum
1414 2086 1477 2145 tra-

348 2177 481 2241 ctaturis
509 2176 543 2239 in
558 2196 632 2241 ,usu
657 2176 824 2241 Homerico
853 2176 1055 2256 acquiescere
1076 2175 1133 2240 sed
1163 2175 1259 2239 etiam
1282 2176 1379 2241 ceteri
1401 2178 1475 2242 scri·

349 2280 467 2357 ptores,
493 2272 671 2339 asciscendi
688 2356 690 2360 ρ
707 2279 781 2337 sunt
808 2263 861 2354 qui
896 2273 982 2337 haud
1010 2293 1083 2337 raro
1111 2271 1197 2336 idem
1231 2272 1395 2356 epitheton
1429 2272 1476 2338 di-

348 2371 452 2437 versis
473 2372 569 2436 rebus
590 2377 817 2454 apposuerunt.
847 2371 897 2434 Ab
920 2369 970 2435 his
985 2370 1080 2452 igitur
1095 2370 1265 2433 ordiamur.
1293 2365 1474 2451 Ἀγέρωχυι

348 2469 437 2550 apud
470 2468 643 2532 Homerum
676 2472 832 2533 vocantur
864 2467 997 2548 Trojani
1030 2472 1061 2530 Γ
1085 2470 1142 2545 36,
1175 2470 1205 2530 Ε
1232 2469 1309 2543 623,
1342 2470 1381 2529 Η
1401 2470 1473 2548 343,

348 2569 386 2629 Π
406 2568 479 2643 708,
511 2570 542 2627 (D
565 2569 636 2646 584,
666 2565 748 2648 Mysi
772 2570 804 2627 Κ
824 2568 896 2646 430,
927 2563 1051 2629 Rhodii
1073 2568 1103 2627 B
1127 2567 1204 2643 654,
1234 2563 1474 2647 Periclymenus

348 2660 461 2727 6286.
506 2662 557 2726 Ad
591 2662 792 2726 Homericum
824 2682 915 2725 nsum
948 2662 1092 2743 proxime
1124 2659 1247 2725 accedit
1275 2661 1473 2743 Pindaricus‚

348 2760 409 2824 nisi
426 2758 513 2841 quod
528 2759 595 2823 illic
611 2758 651 2823 de
666 2759 821 2841 personis,
844 2759 897 2823 hio
912 2758 952 2824 de
970 2758 1065 2823 rebus
1080 2756 1282 2840 praedicatur
1298 2759 1473 2841 epitheton.

346 2856 401 2922 Sic
427 2857 518 2923 Nem.
549 2856 595 2919 VI
625 2860 664 2919 54
698 2856 916 2941 παλαίφατος
948 2854 1062 2939 γενεὰ,
1106 2852 1179 2918 ’ίδια
1214 2855 1473 2932 ναυστολέοντες

348 2951 529 3034 ἐπικώμια,
552 2951 724 3035 Πιερίδων
747 2948 886 3035 ἀρόταις
910 2952 1046 3017 δυνατοὶ
1066 2957 1226 3035 παρέχειν
1242 2951 1346 3016 πολὺν
1368 2949 1472 3034 ὕμνον

347 3048 567 3135 ἀγερώχων
597 3046 780 3133 ἑργμάτων.
831 3049 880 3115 01.
904 3051 937 3114 X
959 3054 1000 3115 96
1029 3046 1222 3129 ἐπωνυμίαν
1248 3047 1347 3130 χάριν
1376 3054 1472 3114 νίκαν

346 3146 578 3233 ἀγέρωχον,
607 3148 700 3231 Pyth.
729 3148 809 3213 196
839 3145 985 3211 πλούτου
1016 3141 1213 3231 στεφάνωμ’
1246 3142 1470 3227 ἀγέρωχον.

348 3278 351 3281 -
431 3245 516 3323 Quid
539 3245 674 3310 senserit
689 3244 901 3326 Aristarchus,
924 3242 1124 3308 Aristonicus
1147 3241 1240 3305 docet
1261 3241 1404 3305 scholA
1427 3242 1471 3307 ad

347 3348 378 3406 K
398 3347 461 3407 430
492 3337 511 3428 ἡ
537 3340 655 3427 διπλῆ,
686 3338 739 3405 ὅτι
761 3338 799 3405 οὖ
822 3340 926 3422 μόνον
949 3338 1008 3405 ἒπὶ
1026 3334 1160 3403 Ῥοδίων
1181 3339 1301 3422 χρῆται
1322 3343 1371 3422 τῷ
1393 3334 1471 3421 ἀγέ-

346 3463 465 3521 ρωχοι,
496 3437 594 3504 ἕνεκα
623 3444 681 3502 τοῦ
705 3434 852 3521 ἀγείρειν
881 3437 942 3524 τὴν
972 3434 1052 3523 ὀχῆν
1079 3434 1233 3500 τουτέστι
1256 3432 1316 3521 τὴν
1339 3434 1471 3522 τροφὴν

330 3532 421 3600 ’ἀλλ’
452 3534 513 3601 ἐπὶ
534 3540 665 3600 Μυσῶν
695 3535 752 3600 καὶ
777 3533 913 3618 Τρώιον,
944 3532 1016 3598 οἷον
1038 3532 1223 3617 γεραόχων,
1253 3539 1387 3650 σεμνῶν
1411 3536 1470 3599 καὶ

345 3629 488 3713 ἐντίμων
518 3639 550 3699 et
537 3632 675 3698 tschol
700 3631 775 3695 BL
803 3632 846 3697 ad
870 3637 899 3696 Γ
918 3636 959 3697 36
993 3628 1011 3716 ἦ
1043 3629 1163 3713 διπλῆ,
1198 3626 1251 3694 ότι
1279 3627 1470 3749 ἀγερώχους

344 3729 422 3807 τούς
449 3725 652 3813 Τρῶας,οά
682 3725 784 3809 μόνον
813 3727 891 3804 τούς
910 3725 1072 3807 Ροδίους
1101 3724 1153 3803 ώς
1182 3751 1298 3804 τινες
1327 3723 1470 3815 (γήθη-

345 3849 436 3906 σαν,
472 3825 585 3890 dt&
551 3851 589 3890 UO
612 3823 760 3909 ἀγείρειν
782 3824 842 3912 mcv
869 3822 965 3910 Οχήν,
998 3822 1153 3890 ἴθυῖέσΐι
1181 3849 1241 3911 ‘llll’
1269 3824 1415 3910 τροφήν
1450 3850 1469 3890 O

343 3922 405 4006 γὰρ
421 3920 618 4009 Ὅμιχρος
599 3921 789 4043 ἀγερώχους
816 3920 895 3998 τούς
923 3918 1007 4007 ἀγαν
1028 3945 1199 4007 γεραωχοι
1202 3945 1219 3998 ς
1244 3924 1302 3986 καὶ
1326 3921 1469 4001 σεμνοὺς

344 4019 489 4104 λέγει,λί
491 4045 530 4085 αν
546 4018 649 4105 γέρας
664 4019 822 4101 εχόντων·
838 4015 977 4100 ἀμεινον
993 4019 1030 4085 de
1043 4017 1192 4085 ἐνταῦθα
1203 4043 1242 4081 το
1230 4016 1468 4100 μεγαλοφρό-

343 4140 417 4182 νων.
450 4119 499 4182 Ex
515 4118 564 4184 his
587 4117 717 4183 scholiis
732 4122 763 4182 et
778 4116 872 4182 exiis
888 4135 970 4198 quae
985 4117 1026 4182 ad
1044 4122 1073 4181 Β
1089 4119 1150 4181 654
1172 4115 1311 4195 ascripta
1332 4118 1406 4176 sunt
1419 4113 1468 4178 in·

343 4216 453 4297 primis
482 4221 588 4280 autem
619 4235 659 4280 ex
688 4214 740 4278 Et.
762 4214 802 4279 M.
827 4218 856 4295 7,
881 4218 920 4276 54
949 4216 1053 4280 elucet
1074 4210 1250 4277 Aristarchi
1277 4228 1342 4273 non
1369 4206 1469 4274 tuisse
