3575 5334
641 679 674 734 de
691 681 807 737 dialecto
824 682 917 738 Attica
935 685 1089 740 vetustiore.
1126 686 1160 739 ΙΙ.
1400 686 1462 747 405

338 876 414 939 -ῃσι
441 854 494 919 vel
522 874 596 934 -ησι
623 852 721 936 igitur
748 854 884 921 eandem
907 855 1096 940 dignitatem
1118 856 1216 924 habet
1238 879 1334 941 quam
1356 860 1462 927 termi-

337 952 426 1018 natio
449 954 557 1027 -aoc.“
788 1024 791 1031 ,
1310 1028 1312 1033 .

423 1056 520 1131 atque
546 1049 632 1115 hanc
659 1049 929 1133 comparationem
957 1050 1028 1134 ipse
1050 1071 1175 1135 quoquc
1201 1072 1294 1134 quam
1323 1054 1464 1121 maxime

337 1146 439 1229 probo
462 1166 522 1213 nec
544 1167 667 1229 vereor,
690 1153 725 1211 ut
740 1146 907 1231 quisquam
922 1147 1126 1216 adversarius
1147 1150 1216 1216 eius
1238 1149 1365 1231 existat,
1389 1152 1464 1235 quia

338 1244 487 1310 omnibus
509 1244 676 1311 notissima
692 1249 766 1311 sunt
788 1244 944 1310 adverbia
962 1245 1159 1316 illalocalia
1180 1246 1215 1311 in
1238 1268 1312 1332 -ησι
1334 1254 1367 1324 et
1388 1271 1463 1314 -ασι

338 1341 530 1424 desinentia,
554 1349 588 1407 ut
606 1335 782 1426 Ἀθήνησι,
802 1334 1015 1423 Ὀλυμπίασι,
1040 1362 1122 1428 quae
1145 1343 1221 1429 quin
1244 1345 1381 1412 eandem
1403 1348 1462 1413 ori-
1491 1403 1493 1408 .

336 1438 445 1521 ginem
466 1439 609 1506 habeant
630 1446 726 1522 atque
749 1438 849 1505 dativi
871 1440 906 1504 in
928 1462 1017 1524 put,
1042 1462 1118 1506 -ασι
1146 1448 1300 1509 exeuntes
1322 1443 1462 1510 dubitari

336 1537 458 1619 nequit.
502 1537 663 1620 quaeritur
686 1543 802 1620 autem,
829 1556 988 1619 quaenam
1011 1537 1091 1604 haee
1114 1538 1202 1623 origo
1225 1540 1329 1606 fuerit.
1366 1562 1462 1623 quam

336 1634 415 1700 satis
437 1634 532 1699 lacile
554 1633 692 1700 inveniri
721 1653 817 1717 posse
845 1655 950 1718 spero.
995 1656 1070 1701 uam
1092 1658 1174 1721 por,
1198 1658 1281 1721 -qor,
1304 1660 1380 1704 -ccr
1401 1646 1463 1704 ter·

335 1731 528 1816 minutiones
551 1752 616 1797 non
639 1732 758 1815 solum,
788 1733 864 1815 quia
890 1734 924 1798 in
955 1732 1100 1800 dialectis
1122 1734 1240 1801 Ionicis
1265 1736 1353 1802 etin
1375 1744 1463 1802 vetu-

335 1828 485 1896 stissimis
507 1829 609 1895 titulis
631 1828 746 1895 Atticis
769 1836 907 1912 exstant,
929 1831 1126 1913 antiquiores
1148 1840 1223 1899 sunt
1244 1853 1339 1916 quam
1361 1856 1460 1911 -αισι,

334 1950 415 2003 -αις,
438 1927 504 2013 'sed
533 1928 629 1993 etiam
659 1927 750 2009 ipsae
778 1928 920 2010 aliquam
949 1928 1089 2010 speciem
1118 1930 1287 1997 vetustatis
1319 1950 1398 2014 prae
1426 1952 1462 1998 se

334 2023 450 2108 ierunt,
469 2025 624 2106 Aquoniam
648 2048 669 2088 α
692 2025 756 2101 (vel
779 2027 830 2107 q),'
846 2044 930 2107 quae
952 2024 985 2090 in
1009 2024 1055 2091 eis
1078 2026 1256 2109 longeest,
1279 2028 1460 2095 testimonio

335 2140 406 2189 csse
429 2128 534 2206 potest
550 2140 587 2188 eo
610 2127 764 2204 tempore,
788 2141 850 2204 quo
873 2122 935 2187 hae
957 2121 1079 2187 formae
1101 2124 1330 2206 compositione
1352 2126 1461 2210 stirpis
1575 2128 1580 2133 ’

333 2239 404 2285 cum
433 2219 659 2285 terminatione
693 2240 745 2283 -σι
774 2218 943 2285 interiecta
972 2244 984 2283 t
1013 2219 1117 2284 vocali
1146 2219 1249 2286 iactae
1283 2228 1372 2305 sunt,
1407 2242 1460 2288 ex·

333 2323 468 2384 tremam
497 2318 640 2383 vocalem
671 2316 778 2400 stirpis
806 2316 911 2400 ipsam
942 2336 1067 2400 quoque
1094 2317 1224 2400 longam
1250 2319 1359 2385 fuisse.
1401 2320 1460 2386 fuit

332 2414 537 2497 cortolonga
560 2412 782 2495 antiquissima
804 2419 911 2480 aetate
932 2435 997 2479 non
1020 2416 1122 2479 solum
1145 2414 1179 2479 in
1202 2413 1326 2481 Graeca
1347 2416 1460 2499 lingua

332 2511 392 2577 sed
420 2518 488 2577 tota
509 2510 567 2577 illa
595 2511 803 2600 primigenia,
835 2532 930 2594 quam
953 2518 1094 2579 statuere
1116 2513 1270 2595 solemus,
1303 2512 1459 2595 Indogcr·
1498 2596 1501 2604 Ι

333 2610 471 2675 manica.
507 2616 539 2674 et
560 2610 592 2673 in
616 2610 782 2676 Sanscrita
803 2609 932 2692 quidem
954 2609 1066 2692 lingua
1088 2609 1269 2691 discrimen,
1293 2611 1378 2693 quod
1401 2612 1459 2677 luit

331 2707 416 2775 inter
438 2709 554 2790 stirpes
576 2706 609 2772 in
633 2728 652 2769 a
675 2718 706 2773 ct
728 2707 761 2771 in
784 2706 804 2769 d
826 2714 997 2789 exeuntes,
1020 2708 1146 2797 effecit,
1175 2714 1210 2772 ut
1231 2708 1354 2774 alterae
1374 2708 1459 2775 loca·

332 2806 434 2870 tivum
462 2805 596 2889 pluralis
618 2806 651 2869 in
674 2804 763 2867 -tslrc
786 2804 908 2870 alterae
930 2805 963 2870 in
985 2805 1057 2868 -dru
1080 2806 1279 2872 desinentem
1305 2805 1457 2888 habeant,

334 2922 361 2968 e.
384 2923 415 2985 g.
439 2902 596 2974 donoalo,
631 2900 765 2964 aaaron.
810 2903 918 2985 itaque
941 2902 1048 2968 mirari
1071 2923 1135 2968 non
1158 2922 1343 2986 possumus,
1372 2903 1458 2985 quod

330 2999 431 3065 etiam
453 2999 541 3081 apud
563 3000 704 3065 Graecos
727 2999 791 3064 dat.
814 3000 896 3083 plur.
920 3000 1043 3083 primae
1066 2999 1290 3064 declinationis
1312 3000 1458 3081 aliquan·

331 3103 399 3161 tum
422 3097 529 3161 differt
550 3097 591 3161 ab
615 3117 668 3178 eo,
701 3116 795 3178 quem
824 3096 857 3159 in
881 3095 1023 3162 secunda
1045 3096 1261 3161 declinatione
1282 3094 1457 3177 antiquitus

330 3192 365 3257 in
388 3214 447 3260 usu
475 3194 573 3260 fuisse
598 3202 732 3260 constat.
777 3213 969 3275 quamquam
998 3192 1120 3257 formae
1149 3192 1363 3258 Sanscriticae
1391 3215 1456 3259 non

332 3311 461 3373 prorsus
494 3290 607 3357 eadem
641 3292 765 3357 ratione
804 3291 887 3355 inter
920 3309 954 3356 se
989 3288 1140 3354 differunt
1172 3296 1268 3372 atque
1286 3289 1456 3357 ¹Graecae.

331 3408 407 3454 nam
440 3409 511 3454 cum
545 3392 617 3451 -dcu
654 3395 684 3454 et
721 3387 810 3451 -drltu
843 3386 1102 3453 terminaticnum
1135 3387 1237 3453 altera
1270 3389 1284 3449 i
1310 3390 1455 3477 vocalem

328 3485 422 3570 stirpi
451 3486 609 3552 adiectam
633 3487 752 3552 habeat
773 3484 877 3551 altera
899 3505 964 3550 non
987 3483 1120 3565 habeat,
1150 3484 1238 3568 apud
1260 3484 1401 3551 Graecos
1424 3493 1456 3552 et

332 3586 354 3646 d
384 3590 415 3648 et
444 3606 461 3647 c
491 3603 562 3648 cum
592 3607 605 3647 ι
631 3583 817 3649 coniunctae
846 3584 1021 3649 effecerunt
1047 3581 1165 3648 formas
1194 3604 1270 3667 —poc
1298 3591 1330 3649 et
1357 3604 1453 3647 -οισι,
1513 3619 1516 3624 ·

329 3700 350 3746 c
379 3681 494 3765 quibus
526 3702 601 3765 -por
634 3700 741 3746 rursus
772 3680 870 3745 variis
902 3678 1007 3744 modis
1039 3686 1162 3744 mutata
1196 3685 1259 3763 est,
1289 3699 1367 3763 quos
1399 3680 1454 3744 ad·

330 3778 421 3844 iectis
448 3777 621 3861 exemplis,
652 3798 734 3861 quae
761 3777 796 3844 in
822 3778 922 3842 titulis
944 3776 1058 3842 Atticis
1081 3781 1236 3857 exstant„
1253 3777 1316 3841 iam
1340 3776 1455 3843 descri-

331 3882 444 3958 pturus
465 3896 544 3941 sum.

418 3980 451 4039 ct
471 3974 607 4056 primum
630 3972 758 4055 quidem
781 3993 856 4056 -pot
878 3972 981 4037 lorma
1008 3971 1200 4054 primigenia
1220 3990 1325 4054 neque
1346 3971 1380 4035 in
1402 3991 1455 4037 vc·

329 4071 463 4136 tustiore
491 4070 598 4134 Attica
630 4088 735 4152 neque
766 4069 799 4134 in
833 4069 947 4135 ceteris
981 4067 1127 4134 dialectis
1156 4068 1288 4135 Graecis
1320 4086 1454 4150 usquam

332 4173 447 4233 exstat.
484 4186 566 4249 quae
589 4167 740 4251 quoniam
762 4165 937 4232 secundum
959 4167 1049 4248 leges
1070 4165 1159 4232 Iadis
1181 4166 1214 4231 in
1236 4187 1310 4250 -ῃσι
1332 4171 1454 4231 mutata

326 4270 396 4346 -est,
432 4263 517 4329 hanc
549 4265 705 4331 habemus
734 4270 766 4331 et
794 4264 882 4347 apud
910 4265 1006 4329 Iones
1037 4264 1257 4346 pervolgatam
1287 4270 1319 4329 et
1347 4262 1380 4328 in
1407 4262 1453 4327 in·
