3575 5334
702 712 735 766 de
752 712 835 781 alpha
851 714 992 771 intensive.
1386 719 1404 775 5

280 881 331 946 vel
363 881 558 947 recentiores
590 883 650 946 viri
679 882 764 948 docti
796 883 837 950 de
870 885 994 967 origine
1021 875 1072 951 'ac'
1099 887 1140 954 de
1174 889 1407 971 significatione

279 977 378 1059 alpha
399 977 551 1061 privativi
567 980 619 1044 vel
641 981 674 1044 in
689 983 925 1048 commentariis
946 984 1000 1049 vel
1022 984 1055 1048 in
1077 984 1339 1053 adnotationibus
1355 987 1406 1053 vel

280 1074 312 1137 in
335 1076 618 1141 exercitationibus
638 1080 855 1158 grammaticis
877 1081 998 1162 passim
1021 1082 1247 1164 observarunt,
1276 1085 1407 1150 minime

280 1170 438 1236 sufficiant
460 1173 503 1238 ad
518 1193 583 1239 rem
598 1174 834 1239 illustrandam.
866 1177 1007 1258 Accedit,
1024 1178 1109 1260 quod
1124 1181 1289 1246 nonnullis
1303 1182 1336 1244 in
1354 1202 1406 1244 vo-

280 1269 403 1334 cabulis
426 1289 467 1335 ne
487 1270 522 1334 id
545 1270 675 1352 quidem
697 1272 776 1336 satis
802 1274 1002 1357 exploratum
1026 1281 1089 1354 est,
1116 1282 1220 1340 utrum
1244 1277 1285 1341 ab
1308 1278 1407 1360 alpha

280 1366 438 1449 privativo
460 1367 627 1450 incipiant,
658 1388 699 1433 an
728 1370 795 1434 alia
820 1372 873 1434 via
901 1371 945 1435 ad
973 1371 1112 1453 negandi
1141 1373 1407 1455 significationem

280 1465 502 1546 pervenerint,
532 1484 602 1529 curn
627 1467 813 1548 praesertim
836 1488 901 1532 non
928 1490 1032 1551 pauca
1054 1478 1182 1536 exstent
1203 1467 1406 1551 ἀνετυμόλο-

280 1584 380 1647 ypra,
411 1562 582 1643 inquibus
610 1563 695 1627 omni
726 1564 911 1646 explicandi
939 1567 1166 1648 probabilitate
1195 1568 1406 1634 destituimur.

281 1658 438 1724 Universe
468 1665 577 1725 tamen
609 1660 637 1726 si
670 1659 860 1742 quaerimus,
895 1663 996 1745 alpha
1023 1665 1216 1746 privativum
1245 1666 1332 1730 baud
1361 1668 1407 1731 ita

280 1774 415 1838 magnas
437 1755 641 1823 difficultates
663 1758 849 1839 praebebat.

364 1853 434 1919 Nec
462 1852 504 1920 de
532 1853 633 1937 alpha
654 1855 835 1937 copulativa
858 1863 984 1923 veteres
1005 1859 1205 1940 grammatici
1227 1860 1328 1924 multa
1350 1860 1407 1924 ba·

280 1950 417 2016 buemnt
438 1968 522 2031 quae
543 1948 697 2032 dicerent,
720 1970 791 2016 cum
813 1950 885 2033 ejus
906 1954 972 2017 vim
990 1953 1061 2037 jam
1076 1956 1168 2020 Plato
1190 1960 1276 2021 recte
1298 1961 1404 2019 notas·

279 2056 336 2114 set.
382 2047 532 2113 Formam
560 2048 738 2114 recentiore
767 2047 894 2113 demum
925 2057 1070 2134 tempore
1097 2052 1158 2116 viri
1187 2052 1273 2117 docti
1304 2052 1405 2134 expli-

280 2164 352 2210 care
374 2150 524 2227 poterant
538 2145 683 2227 cognatis
698 2145 819 2227 linguis
840 2149 1043 2231 comparatis,
1065 2148 1152 2213 unde
1168 2149 1275 2213 statim
1291 2168 1407 2230 cogno-

280 2249 420 2322 scerent,
449 2260 546 2323 quam
569 2242 697 2307 diversa
718 2249 802 2308 esset
830 2244 927 2326 hujus
949 2245 1083 2327 praefixi
1106 2246 1195 2326 origo
1216 2246 1259 2309 ab
1282 2244 1406 2327 origine

280 2346 455 2405 ceterorum
477 2337 578 2420 alpha
602 2338 826 2421 praefixorum.
858 2343 1019 2425 Exempla
1039 2342 1067 2407 si
1090 2342 1227 2424 quaeris,
1252 2340 1405 2424 Boppius,

281 2435 461 2519 Benieyus,
484 2434 611 2502 Curtius
632 2436 706 2517 alii,
736 2437 797 2502 etsi
820 2438 921 2503 multa
942 2439 1156 2523 collegerunt,
1182 2446 1306 2520 tamen,
1330 2457 1406 2519 quo·

280 2533 366 2598 niam
387 2532 422 2597 id
444 2530 549 2598 asnis
571 2533 704 2615 quisque
725 2534 876 2616 operibus
890 2534 1032 2600 alienum
1056 2555 1128 2602 esse
1149 2536 1316 2620 putabant,
1340 2554 1406 2599 non

280 2630 388 2695 omnia
419 2650 485 2695 uno
517 2630 608 2711 quasi
640 2637 813 2713 conspectu
850 2631 1170 2715 comprehenderunt.
1223 2632 1405 2715 Explicatio

279 2736 386 2793 autem
408 2728 482 2811 ipsa
504 2734 568 2793 tam
591 2735 704 2809 aperta
725 2736 784 2810 est,
807 2734 842 2793 ut
864 2729 944 2794 nihil
966 2729 1060 2795 nobis
1081 2728 1128 2795 illi
1143 2730 1203 2794 viri
1218 2729 1409 2811 reliquerint

280 2824 340 2892 nisi
363 2831 541 2891 ceterorum
563 2826 782 2908 exemplorum
805 2825 1015 2892 additionem.

363 2922 464 2987 Multo
485 2920 645 2988 difficilius
666 2922 708 2987 ad
725 2923 953 3005 explicandum
975 2932 1025 2990 est
1045 2923 1145 3005 alpha
1166 2925 1251 3005 quod
1272 2931 1409 2990 vocatur

279 3018 483 3099 intensivum,
506 3018 548 3083 de
569 3019 660 3102 cujus
675 3020 797 3103 origine
816 3040 855 3086 ac
870 3026 987 3086 natura
1003 3020 1073 3102 jam
1088 3020 1264 3101 antiquitus
1278 3027 1343 3084 tam
1360 3020 1407 3085 di·

280 3136 392 3183 versae
414 3116 594 3182 sententiae
615 3118 762 3200 prolatae
784 3124 868 3198 sunt,
892 3126 928 3183 ut
948 3125 1075 3184 veteres
1092 3118 1155 3200 ipsi
1176 3118 1234 3182 vix
1255 3116 1407 3185 habuisse

280 3214 450 3279 videantur
464 3212 549 3295 quod
565 3214 645 3279 satis
667 3214 812 3296 liqueret.
843 3214 1050 3280 Grammatici
1068 3215 1154 3279 enim
1169 3214 1284 3281 Graeci
1305 3218 1407 3301 alpha

279 3311 359 3377 illud
374 3311 569 3376 intensivum
585 3331 651 3376 non
666 3313 770 3377 solum
784 3311 818 3377 in
833 3311 1015 3376 nominibus
1035 3309 1249 3394 admiserunt,
1272 3333 1406 3395 quorum

280 3409 431 3492 exempla
458 3427 556 3491 supra
584 3409 687 3474 allata
708 3418 798 3488 sunt,
824 3427 935 3474 vemm
958 3407 1055 3473 etiam
1078 3408 1111 3472 in
1134 3409 1241 3475 verbis
1262 3410 1351 3476 velut
1372 3412 1406 3477 in

281 3504 386 3571 ἀείδω
409 3524 473 3571 sec.
489 3505 631 3572 schol.L
653 3506 697 3570 ad
716 3511 754 3570 A
772 3512 799 3587 1,
822 3502 1007 3584 ἀλαπάζειν
1030 3505 1130 3571 schol.
1146 3505 1173 3569 B
1189 3506 1215 3570 L
1231 3508 1274 3573 ad
1289 3512 1319 3573 E
1334 3514 1406 3591 166,

280 3598 411 3687 ἀλέγειν
434 3602 484 3666 Εῖ.
500 3603 607 3685 Magn.
623 3606 674 3680 58,
691 3607 731 3667 43
755 3603 838 3683 aliis,
860 3602 893 3667 in
917 3603 1033 3684 quibus
1053 3603 1218 3668 notionem
1240 3605 1406 3672 verbalem

280 3706 405 3764 auctam
428 3718 501 3765 csse
522 3706 578 3766 aut
600 3699 730 3765 omnino
752 3700 888 3782 negabis
914 3708 1056 3766 autnon
1084 3701 1203 3783 poteris
1225 3701 1286 3766 nisi
1309 3703 1409 3768 subti-

280 3797 423 3863 lissimae
451 3796 738 3878 argumentationis
767 3795 908 3862 artificiis
930 3797 989 3861 tibi
1018 3797 1221 3881 persuadere.
1258 3798 1324 3865 Sed
1345 3799 1407 3867 boc

281 3893 384 3959 levius
414 3900 478 3973 est,
509 3894 613 3976 magis
638 3893 772 3959 forsitan
800 3893 959 3977 quispiam
987 3895 1136 3974 miretur,
1166 3896 1251 3977 quod
1273 3896 1409 3965 Graecis

282 3991 498 4071 grammaticis
520 3992 642 4073 regium
664 3989 749 4072 quod
765 3997 897 4056 vocatur
918 3991 1074 4073 Scaligcri
1096 4000 1301 4076 praeceptum
1322 3995 1407 4062 adeo

283 4087 423 4169 ignotum
452 4087 564 4168 fuerit,
596 4095 632 4153 ut
660 4107 731 4152 cum
760 4088 868 4153 verbis
897 4087 993 4151 etiarn
1016 4088 1083 4153 alia
1110 4088 1253 4172 praefixa
1277 4090 1408 4173 conjun-

283 4193 389 4264 gerent
411 4204 452 4251 ac
475 4185 740 4267 praepositiones.
785 4185 871 4251 Sane
893 4183 1125 4266 Buttmannus,
1153 4205 1287 4269 gramm.
1307 4190 1408 4270 ampl.

285 4279 322 4363 Π,
344 4287 406 4349 472
436 4301 504 4348 non
526 4300 630 4364 pauca
652 4282 801 4364 exempla
818 4289 1001 4364 praecepto
1024 4282 1071 4346 illi
1097 4299 1279 4365 repugnare
1305 4282 1408 4362 docet,
