3575 5334
416 718 478 779 442
937 724 1024 777 (lauet

416 894 626 961 contrahendi
655 895 687 958 in
717 895 863 960 omnibus
885 894 1033 960 dialectis
1062 902 1157 977 capta
1179 900 1287 975 erant,
1318 915 1404 977 qnae
1433 903 1539 978 postea

416 995 450 1059 in
473 994 564 1077 epico
588 1001 620 1059 et
642 993 740 1057 multo
770 992 866 1057 etiam
887 992 991 1074 magis
1012 991 1045 1056 in
1068 992 1273 1057 Neo-Ionico
1303 1010 1454 1059 sermone
1475 1015 1539 1078 par·

417 1093 545 1158 eissime
576 1091 746 1160 servata³²l
778 1109 816 1154 ac
850 1108 956 1171 paene
983 1108 1137 1172 oppressa
1169 1095 1261 1170 sunt,
1294 1088 1328 1152 in
1359 1090 1482 1156 Doride
1512 1098 1540 1156 et

417 1189 554 1257 Aeolide
581 1188 737 1271 paulatim
760 1187 794 1252 in
819 1206 912 1251 usum
934 1186 1014 1252 satis
1035 1185 1233 1267 frequentem
1256 1195 1468 1253 accreverunt
1475 1237 1483 1270 ,
1510 1188 1540 1252 in

418 1287 551 1353 Atthide
572 1305 649 1352 vero
677 1286 833 1369 ampliore
854 1283 1086 1349 consuetudine
1114 1291 1209 1349 aucta
1237 1291 1269 1349 et
1296 1285 1393 1350 certis
1421 1285 1540 1368 legibus

418 1384 542 1450 firmata
571 1391 603 1450 et
632 1383 773 1465 eleganti
802 1401 899 1448 sensu
922 1382 1050 1446 exculta
1071 1382 1198 1446 suntin
1221 1401 1293 1447 eam
1315 1383 1539 1462 urbanitatem,

418 1492 482 1564 qua
496 1482 577 1547 haec
595 1480 752 1545 dialectos
767 1499 863 1561 quam
878 1478 1018 1543 maxime
1032 1498 1053 1542 a
1068 1479 1182 1545 ceteris
1198 1477 1423 1561 distinguatur.
1462 1479 1541 1562 quod

418 1580 484 1643 iam
507 1580 586 1644 satis
608 1577 741 1658 antiqua
763 1581 871 1641 aetate
892 1574 1009 1639 factum
1035 1595 1106 1641 esse
1128 1575 1306 1659 putandum
1330 1581 1390 1657 est,
1415 1577 1493 1659 quia
1511 1578 1541 1640 in

418 1675 679 1757 inscriptionibus
701 1672 929 1738 vetustioribus
945 1673 1068 1737 nullum
1084 1673 1267 1756 exemplum
1289 1673 1466 1739 formarum
1481 1694 1541 1739 non

419 1777 653 1837 contractarum
686 1768 774 1853 apud
807 1770 1022 1836 Athenienses
1058 1771 1233 1853 reperimus
1265 1777 1307 1845 (v.
1337 1792 1370 1853 p.
1395 1775 1461 1836 265
1476 1774 1539 1854 sq).

506 1874 536 1933 6.
570 1869 667 1951 paulo
690 1868 784 1932 aliter
807 1866 908 1931 dativi
930 1867 1064 1949 pluralis
1083 1868 1228 1951 stirpium
1250 1868 1283 1933 in
1300 1893 1321 1931 α
1336 1875 1403 1934 eto
1427 1889 1542 1935 exeun-

419 1968 498 2032 tium
522 1985 557 2032 ss
579 1966 710 2031 habent.
751 1984 826 2029 nam
849 1963 909 2029 etsi
932 1965 1044 2029 horum
1067 1985 1193 2047 quoque
1214 1966 1334 2031 formas
1356 1967 1543 2032 vetustiores

419 2071 546 2131 ceterae
568 2063 697 2128 dialecti
720 2062 850 2126 Ionicae
872 2068 1057 2144 servarunt,
1084 2070 1194 2129 tamen
1216 2064 1375 2128 nonnulla
1396 2062 1543 2146 exempla

420 2182 530 2228 earum
553 2161 649 2226 etiam
672 2160 705 2224 in
720 2158 854 2224 Atthide
875 2177 977 2240 usque
998 2160 1032 2224 in
1055 2179 1125 2225 eam
1142 2168 1281 2226 aetatem
1302 2161 1439 2244 linguae
1461 2180 1543 2225 man·

419 2268 544 2339 serunt,
574 2257 615 2323 do
638 2276 702 2338 qua
728 2275 786 2340 per
814 2257 1053 2338 antiquissimos
1081 2258 1191 2324 titulos
1212 2258 1336 2339 aliquid
1365 2258 1449 2324 scire
1478 2277 1542 2341 pos·

420 2358 519 2423 simus
549 2358 590 2433 (v,
619 2375 651 2437 p.
674 2359 760 2431 406).
818 2354 893 2435 quin
930 2354 1026 2419 etiam
1060 2354 1189 2437 proprie
1217 2357 1324 2421 Attica
1352 2356 1542 2435 terminatio,

420 2474 515 2537 quam
537 2452 596 2517 toti
618 2452 692 2517 huic
714 2451 894 2533 quaestioni
916 2451 968 2517 vel
992 2450 1163 2533 plurimam
1185 2453 1288 2519 lucem
1311 2454 1430 2521 afferre
1452 2472 1543 2537 supra

420 2550 569 2630 vidimus,
597 2571 679 2612 -ασι
701 2570 809 2614 rursus
831 2549 975 2614 Ionicam
1002 2548 1147 2631 formam,
1171 2572 1260 2635 -ῃσι,
1283 2573 1365 2635 -ησι
1387 2557 1543 2621 retusus

421 2651 560 2730 superat.

507 2748 642 2825 apparet
671 2742 768 2823 igitur
795 2742 873 2808 satis
902 2743 1013 2825 aequis
1041 2744 1220 2810 rationibus
1246 2746 1278 2809 in
1302 2746 1438 2813 Atthide
1461 2753 1493 2813 et
1512 2746 1541 2810 iu

422 2841 559 2906 dialecto
575 2838 783 2904 Neo-Ionica
805 2842 891 2915 (uam
907 2841 950 2906 ad
966 2861 1036 2906 eam
1059 2840 1126 2906 iere
1144 2844 1245 2907 solam
1267 2844 1442 2925 pertinent,
1465 2861 1540 2927 quac

420 2936 515 3003 modo
539 2935 684 3019 exposui)
714 2937 846 3017 antiqua
874 2944 907 3003 et
927 2938 1069 3003 recentia
1089 2938 1173 3004 inter
1197 2960 1232 3005 se
1253 2940 1355 3006 mixta
1377 2961 1461 3007 esse.
1504 2938 1541 3005 ad

420 3056 500 3118 quas
528 3033 652 3100 accedit
679 3034 776 3115 paulo
805 3033 935 3100 diversa
963 3035 1146 3118 conditione
1174 3050 1277 3102 sermo
1300 3038 1429 3121 opicus,
1459 3039 1541 3104 cuius

420 3140 567 3199 naturam
591 3131 642 3196 hic
664 3130 842 3198 accuratius
865 3151 1029 3215 exponere
1050 3151 1116 3196 non
1131 3153 1280 3216 possum.
1317 3134 1351 3199 id
1374 3156 1453 3201 vero
1475 3156 1541 3202 oon·

421 3237 499 3313 stat,
534 3249 604 3296 eam
634 3235 756 3310 partem
788 3229 964 3294 communis
992 3229 1122 3295 dialecti
1150 3231 1432 3315 Attico-Ionicae,
1466 3252 1540 3317 quae

422 3328 619 3408 Homericae,
642 3333 677 3389 ut
691 3326 737 3390 ita
752 3326 867 3407 dicam,
890 3326 1193 3408 conglomerationis
1215 3328 1461 3396 fundamentum
1478 3331 1539 3407 luit,

421 3443 525 3506 neque
547 3444 618 3488 cum
641 3422 772 3489 Atthide
800 3443 904 3505 neque
926 3443 997 3488 cum
1020 3424 1194 3489 Neo-Iade
1220 3447 1349 3509 prorsus
1371 3446 1539 3511 congruam

420 3521 528 3587 fuisse.
572 3521 728 3585 habemus
756 3519 853 3603 igitur
881 3528 946 3587 tres
969 3521 1124 3587 dialectos
1147 3522 1188 3588 de
1210 3523 1323 3589 eodem
1351 3524 1443 3591 fonte
1465 3523 1540 3590 deri·

420 3627 522 3684 vatas.
567 3636 646 3699 quas
675 3618 815 3682 universi
837 3617 938 3684 Ionioi
966 3618 1095 3700 generis
1116 3638 1227 3685 omnes
1256 3620 1335 3687 fines
1363 3622 1539 3705 explevisse

422 3734 614 3797 quamquam
635 3734 696 3780 neo
718 3733 776 3797 per
797 3733 832 3780 se
854 3716 923 3781 veri
944 3715 1050 3780 simile
1072 3722 1120 3780 est
1145 3723 1177 3781 et
1197 3724 1283 3783 certo
1305 3716 1425 3796 iudicio
1448 3720 1540 3786 Hero·

422 3811 488 3876 doti
511 3814 553 3893 (Ι,
580 3814 651 3889 142)
675 3811 839 3901 refellitur,
868 3817 977 3879 tamen
999 3802 1111 3893 nobis,
1128 3814 1203 3893 quia
1225 3821 1403 3880 ceterarum
1425 3817 1540 3901 specie·

490 3991 521 4057 ³²)
540 4005 602 4044 nam
619 4006 653 4045 ne
665 3991 858 4066 Neo-Ionicum
870 3990 978 4060 quidem
991 3990 1145 4059 dialectum,
1162 4006 1243 4061 quam
1260 3992 1299 4047 sic
1316 3993 1435 4050 barbare
1452 3994 1538 4066 appel·

418 4071 494 4125 landi
510 4071 615 4127 veniam
632 4072 699 4125 mihi
716 4072 809 4126 datum
825 4072 861 4125 iri
878 4086 967 4139 spero,
985 4072 1200 4128 econtractione
1217 4073 1350 4128 vocalium
1367 4090 1481 4143 prorsus
1497 4075 1538 4129 ah

419 4150 556 4206 horruisse
580 4160 607 4207 et
624 4152 799 4216 Kuehnerus,
821 4152 918 4215 „Ausi
937 4152 1000 4206 (ἓν
1024 4153 1058 4219 1²,
1083 4169 1109 4221 p.
1129 4157 1176 4206 167
1187 4168 1234 4221 sq,
1259 4152 1339 4207 dccet
1362 4160 1391 4208 et
1407 4155 1538 4209 Ermanus

419 4230 506 4293 (stud.
524 4232 558 4296 V,
580 4237 627 4287 287
644 4236 713 4301 sqq.)
736 4235 763 4285 et
779 4231 958 4287 Merzdorfius
981 4232 1069 4296 (Stud.
1086 4232 1160 4297 VIII,
1181 4236 1227 4285 178
1242 4238 1312 4301 sqq.)
1337 4240 1435 4289 contra
1458 4235 1537 4289 falsas

421 4308 562 4377 opiniones
580 4312 695 4367 aliorum
712 4312 830 4366 viromm
847 4311 989 4369 doctorum
1006 4314 1094 4368 denuo
1113 4316 1278 4368 asseverant.
