3575 5334
402 702 466 763 4'12
917 707 1007 761 Gauer

401 879 663 947 consuetudinem
693 879 833 945 omnium
864 879 1058 945 Graecorum
1088 878 1184 944 etiam
1220 879 1253 944 in
1282 879 1385 944 titulis
1415 878 1526 944 Atticis

401 997 528 1062 semper
550 998 608 1062 per
629 977 807 1061 simplicem
831 1000 852 1039 α
873 979 926 1043 vel
941 1001 961 1058 η
977 977 1166 1058 scribuntur,
1190 978 1279 1043 cuius
1300 977 1347 1042 rei
1369 978 1404 1043 in
1427 978 1526 1061 primo

401 1076 563 1141 volumine
596 1073 745 1158 Corporis
777 1074 1021 1158 inscriptionum
1053 1075 1229 1141 Atticarum
1264 1076 1345 1141 haec
1378 1076 1526 1159 exempla

401 1180 489 1240 sunt:
531 1165 708 1257 Ἀγρυλῆσι
738 1175 799 1237 324
835 1171 1053 1255 compluribus
1084 1173 1173 1239 locis.
1221 1166 1388 1256 Ἀθήνησι
1417 1176 1475 1252 26,
1503 1184 1525 1237 ³.

401 1274 458 1353 28,
484 1282 520 1332 rr.
551 1272 608 1350 29,
631 1282 654 1331 r.
687 1281 723 1336 rs.
753 1270 828 1352 591,
851 1281 891 1333 ³2.
923 1272 974 1351 67,
997 1283 1021 1335 r.
1054 1274 1130 1351 105,
1153 1282 1177 1334 o.
1225 1263 1438 1355 Ἀλωπεκῆσι
1468 1273 1526 1336 324

400 1367 601 1451 compluries.
643 1361 821 1448 Ἐρύθρασι
848 1370 879 1449 9,
905 1378 944 1432 38.
985 1358 1207 1448 Ἔ[ρύθ]ρα[σ]ι
1238 1374 1292 1450 11,
1315 1381 1340 1434 8.
1390 1363 1526 1452 Oiro'por

402 1470 473 1549 534,
495 1478 520 1529 4.
556 1456 760 1544 Ὀλυμπίασι
782 1468 855 1546 419,
878 1476 903 1529 3.
947 1485 1012 1529 nnn
1035 1474 1111 1547 puto
1134 1466 1185 1530 bis
1206 1466 1316 1531 formis
1339 1466 1526 1549 (dequibus

400 1564 438 1629 cf.
462 1562 677 1629 Wecklein
706 1582 736 1645 p.
760 1566 876 1646 tlsqq.)
907 1586 919 1626 ι
947 1562 1143 1645 adscriptum
1173 1565 1348 1646 antiquitus
1377 1564 1524 1630 defuisse.

400 1682 476 1727 nam
498 1661 567 1726 veri
589 1660 666 1725 satis
682 1659 836 1726 dissimile
858 1667 908 1725 est
929 1661 1010 1726 duas
1031 1659 1150 1725 formas
1167 1662 1279 1726 cadem
1302 1662 1526 1727 terminatione

401 1757 593 1842 compositas
622 1763 654 1822 et
682 1758 723 1822 ab
753 1758 867 1823 eadem
896 1757 1129 1841 significatione
1162 1759 1321 1841 prolectas
1350 1760 1416 1823 iam
1449 1760 1526 1825 anti-

401 1854 554 1938 quissima
586 1861 693 1919 aetate
725 1857 788 1920 levi
823 1855 878 1920 illo
908 1856 1091 1921 discrimine
1121 1855 1289 1921 distinctas
1316 1857 1430 1939 fuisse,
1465 1858 1524 1922 imo

401 1971 477 2018 vero
500 1950 561 2035 ipsi
585 1949 685 2017 dativi
707 1954 852 2035 pluralis,
880 1975 959 2036 quos
982 1973 1022 2018 ex
1044 1953 1145 2018 titulis
1168 1954 1283 2020 Atticis
1304 1975 1403 2039 supra
1424 1954 1525 2035 attuli,

401 2050 593 2115 documento
616 2059 690 2116 sunt
713 2075 725 2114 ι
747 2052 892 2116 vocalem
915 2052 949 2115 in
972 2051 1022 2115 his
1044 2051 1152 2117 formis
1178 2051 1353 2117 admodum
1376 2052 1525 2136 cupidam

399 2148 499 2214 fuisse
521 2149 745 2215 evanescendi.
789 2149 832 2214 ad
861 2168 954 2231 quern
981 2147 1076 2213 finem
1100 2168 1140 2214 ea
1162 2148 1289 2214 demum
1312 2157 1421 2216 aetate
1442 2171 1526 2235 pror-

401 2267 455 2313 sus
483 2247 645 2329 pervenit,
677 2267 740 2329 qua
767 2268 843 2310 -ασι
869 2254 902 2312 et
923 2268 996 2330 -ησι
1023 2238 1267 2312 terminationes
1295 2247 1383 2330 apud
1405 2248 1525 2313 Atticos

400 2346 433 2410 in
456 2344 533 2410 solis
556 2343 719 2410 adverbiis
740 2345 899 2411 localibus
922 2344 1167 2429 usurpabantur.
1206 2347 1399 2411 vetustiores
1420 2353 1524 2411 autem

400 2441 485 2507 tituli
508 2441 593 2523 quod
618 2466 630 2506 ι
652 2442 821 2526 subscripti
843 2443 876 2506 in
899 2442 978 2526 ipsis
1004 2442 1054 2508 bis
1076 2442 1240 2509 adverbiis
1261 2443 1381 2508 servati
1403 2444 1524 2508 nullum

401 2540 583 2621 exemplum
617 2540 788 2623 praebent,
823 2541 883 2605 boc
916 2560 993 2605 casu
1021 2540 1138 2606 lactum
1168 2559 1240 2606 esse
1268 2541 1302 2603 in
1335 2561 1438 2624 parvo
1471 2542 1523 2605 illo

401 2656 532 2702 numero
555 2643 730 2702 ceterorum
753 2637 973 2722 exemplorum
996 2638 1104 2703 mirari
1127 2660 1191 2704 non
1214 2657 1393 2721 possumus.

486 2766 676 2831 Lccativi
710 2767 937 2850 singularis
970 2768 1011 2833 dc
1043 2768 1195 2853 stirpibus
1224 2770 1256 2833 in
1287 2790 1305 2831 o
1336 2770 1524 2835 exeuntibus

401 2865 538 2930 derivati
567 2865 600 2928 in
629 2863 889 2949 inscriptionibus
916 2865 1030 2930 Atticis
1062 2866 1289 2931 vetustioribus
1318 2866 1352 2930 hi
1382 2873 1523 2932 exstant:

398 2958 587 3043 Ἱσθμοῖὸ,
612 2974 650 3026 12.
685 2966 763 3043 420,
786 2976 811 3028 4.
833 2974 857 3027 6.
905 2966 1079 3045 Μεγαρο[ῖ]
1109 2968 1188 3045 433,
1211 2976 1236 3027 3.
1283 2967 1404 3028 Πυθοῖ
1429 2969 1523 3045 8,12.

403 3060 576 3145 walppost]
600 3063 679 3142 210,
704 3073 740 3125 lt.
786 3081 865 3143 quos
887 3063 967 3127 satis
989 3061 1086 3126 babui
1108 3060 1300 3126 adscribere.

462 3228 516 3303 Ι4.
561 3223 611 3287 De
639 3222 855 3288 declinatione
885 3222 1072 3303 stirpium
1102 3220 1140 3284 in
1163 3227 1441 3288 consonantes
1464 3222 1525 3287 de·

400 3319 623 3386 sinentium
662 3320 742 3384 nibil
779 3320 911 3403 dignum
950 3319 1251 3385 commemoratione
1287 3320 1402 3402 reperi.
1459 3320 1526 3385 sola

400 3424 475 3483 sunt
502 3416 649 3496 nomina,
688 3438 818 3500 quorum
849 3418 1064 3494 nominativus
1099 3416 1181 3497 sing.
1208 3417 1242 3480 in
1270 3414 1341 3492 -εύς
1372 3419 1454 3500 exit,
1487 3416 1525 3481 de

401 3514 514 3598 quibus
537 3534 669 3580 necesse
698 3515 739 3580 sit
768 3535 871 3599 pauca
895 3514 966 3579 dici.
1011 3535 1086 3579 nam
1108 3513 1243 3579 fortasse
1266 3515 1451 3598 expectabit
1472 3514 1524 3580 ali·

400 3612 471 3695 quis
501 3610 541 3677 de
569 3612 744 3678 mutatione
772 3612 1006 3678 terminationis
1036 3610 1224 3676 nominativi
1247 3612 1328 3693 plur.
1353 3631 1394 3676 ex
1416 3618 1472 3697 -ῆς
1492 3613 1524 3675 in

399 3721 464 3785 -εῑς
491 3708 577 3773 facta
607 3730 647 3775 ex
675 3711 776 3776 titulis
805 3709 1031 3775 vetustioribus
1059 3707 1181 3790 aliquid
1211 3707 1290 3772 disci
1318 3728 1425 3791 posse.
1470 3709 1525 3775 sed

400 3807 480 3871 baec
510 3826 584 3888 spes
612 3828 671 3891 per
698 3828 733 3873 sc
761 3808 845 3873 falsa
873 3813 938 3887 est,
972 3826 1042 3871 cum
1073 3830 1102 3869 ει
1132 3813 1203 3889 etp
1233 3804 1400 3871 literatura
1422 3807 1525 3872 Attica

400 3905 588 3989 antiquioris
620 3905 736 3970 aetatis
768 3926 833 3969 uon
870 3904 1116 3986 distinguantur.
1161 3922 1266 3984 neque
1295 3904 1380 3968 enim
1411 3904 1524 3969 Weck-

400 4005 516 4071 leinius
538 4002 624 4086 quod
646 4023 676 4086 p.
704 4005 741 4065 19
765 4000 874 4090 ἱππῆς
896 4000 943 4079 (O.
966 4001 986 4065 i.
1010 4002 1048 4066 A.
1072 4005 1122 4080 43,
1146 4005 1182 4081 8),
1212 3994 1449 4084 [ἆ]ν[αγρα]φῆς
1470 4001 1522 4078 (ib.

401 4106 451 4183 61,
475 4114 498 4165 5.
524 4104 568 4183 o),
602 4100 669 4165 alia
696 4099 789 4165 affort
816 4100 917 4165 literis
944 4098 1132 4165 minusculis
1159 4118 1217 4181 per
1247 4121 1267 4182 η
1296 4097 1431 4182 scripta,
1465 4098 1522 4161 hoc

400 4205 561 4279 tamquam
583 4203 773 4279 argumento
795 4199 840 4262 uti
869 4199 954 4277 vult3
983 4196 1041 4262 sed
1069 4196 1103 4260 in
1133 4195 1182 4260 his
1210 4195 1320 4261 formis
1342 4219 1361 4279 η
1384 4196 1522 4260 scriben-

401 4294 476 4359 dam
506 4313 576 4359 esse
603 4294 674 4375 ipse
704 4312 744 4358 ex
772 4314 831 4359 usu
863 4293 1025 4359 titulorum
1058 4293 1225 4377 proximae
1258 4298 1330 4375 post
1356 4290 1520 4357 Euclidem
