<?xml version="1.0" encoding="UTF-8"?>
<!DOCTYPE html PUBLIC "-//W3C//DTD XHTML 1.0 Transitional//EN"
    "http://www.w3.org/TR/xhtml1/DTD/xhtml1-transitional.dtd">
<html xmlns="http://www.w3.org/1999/xhtml" xml:lang="en" lang="en">
 <head>
  <title>
</title>
<meta http-equiv="Content-Type" content="text/html;charset=utf-8" />
  <meta name='ocr-system' content='tesseract 3.04.00' />
  <meta name='ocr-capabilities' content='ocr_page ocr_carea ocr_par ocr_line ocrx_word'/>
</head>
<body>
  <div class='ocr_page' id='page_1' title='image "./studienzurgriec00curtgoog_0051.png"; bbox 0 0 3575 5334; ppageno 0'>
   <div class='ocr_carea' id='block_1_1' title="bbox 767 692 1471 761">
    <p class='ocr_par' dir='ltr' id='par_1_1' title="bbox 767 692 1471 761">
     <span class='ocr_line' id='line_1_1' title="bbox 767 692 1471 761; baseline -0.007 -14"><span class='ocrx_word' id='word_1_1' title='bbox 767 692 800 747; x_wconf 91' lang='lat' dir='ltr'><strong>de</strong></span> <span class='ocrx_word' id='word_1_2' title='bbox 817 692 899 761; x_wconf 86' lang='lat' dir='ltr'><strong>alpha</strong></span> <span class='ocrx_word' id='word_1_3' title='bbox 910 692 1058 747; x_wconf 87' lang='lat' dir='ltr'><strong>intensive.</strong></span> <span class='ocrx_word' id='word_1_4' title='bbox 1433 693 1471 751; x_wconf 84' lang='lat'><strong>41</strong></span> 
     </span>
    </p>
   </div>
   <div class='ocr_carea' id='block_1_2' title="bbox 345 864 1475 1319">
    <p class='ocr_par' dir='ltr' id='par_1_2' title="bbox 345 864 1475 1319">
     <span class='ocr_line' id='line_1_2' title="bbox 345 864 1475 947; baseline 0.004 -19"><span class='ocrx_word' id='word_1_5' title='bbox 345 865 398 947; x_wconf 91' lang='lat' dir='ltr'><strong>qui</strong></span> <span class='ocrx_word' id='word_1_6' title='bbox 435 871 472 928; x_wconf 86' lang='lat' dir='ltr'><strong>ut</strong></span> <span class='ocrx_word' id='word_1_7' title='bbox 505 864 550 928; x_wconf 90' lang='lat' dir='ltr'><strong>ait</strong></span> <span class='ocrx_word' id='word_1_8' title='bbox 579 865 649 947; x_wconf 91' lang='lat' dir='ltr'><strong>ipse</strong></span> <span class='ocrx_word' id='word_1_9' title='bbox 685 885 725 931; x_wconf 90' lang='lat' dir='ltr'><strong>ne</strong></span> <span class='ocrx_word' id='word_1_10' title='bbox 756 885 795 930; x_wconf 86' lang='lat' dir='ltr'><strong>ea</strong></span> <span class='ocrx_word' id='word_1_11' title='bbox 827 864 955 946; x_wconf 92' lang='lat' dir='ltr'><strong>quidem</strong></span> <span class='ocrx_word' id='word_1_12' title='bbox 990 865 1147 928; x_wconf 87' lang='lat' dir='ltr'><strong>vocabula</strong></span> <span class='ocrx_word' id='word_1_13' title='bbox 1179 865 1211 928; x_wconf 91' lang='lat' dir='ltr'><strong>in</strong></span> <span class='ocrx_word' id='word_1_14' title='bbox 1245 866 1359 946; x_wconf 92' lang='lat' dir='ltr'><strong>quibus</strong></span> <span class='ocrx_word' id='word_1_15' title='bbox 1388 887 1475 932; x_wconf 89' lang='lat' dir='ltr'><strong>error</strong></span> 
     </span>
     <span class='ocr_line' id='line_1_3' title="bbox 345 953 1474 1044; baseline 0.004 -19"><span class='ocrx_word' id='word_1_16' title='bbox 345 959 627 1043; x_wconf 88' lang='lat' dir='ltr'><strong>grammaticorum</strong></span> <span class='ocrx_word' id='word_1_17' title='bbox 661 964 738 1027; x_wconf 90' lang='lat' dir='ltr'><strong>satis</strong></span> <span class='ocrx_word' id='word_1_18' title='bbox 766 981 824 1044; x_wconf 90' lang='lat' dir='ltr'><strong>per</strong></span> <span class='ocrx_word' id='word_1_19' title='bbox 853 980 888 1027; x_wconf 91' lang='lat' dir='ltr'><strong>se</strong></span> <span class='ocrx_word' id='word_1_20' title='bbox 917 961 1104 1026; x_wconf 82' lang='lat' dir='ltr'><strong>manifestus</strong></span> <span class='ocrx_word' id='word_1_21' title='bbox 1131 953 1226 1026; x_wconf 85' lang='lat' dir='ltr'><strong>esset&#39;</strong></span> <span class='ocrx_word' id='word_1_22' title='bbox 1247 964 1393 1029; x_wconf 88' lang='lat' dir='ltr'><strong>omittere</strong></span> <span class='ocrx_word' id='word_1_23' title='bbox 1420 984 1474 1030; x_wconf 92' lang='lat' dir='ltr'><strong>vo·</strong></span> 
     </span>
     <span class='ocr_line' id='line_1_4' title="bbox 345 1057 1474 1144; baseline 0.005 -23"><span class='ocrx_word' id='word_1_24' title='bbox 345 1057 420 1138; x_wconf 90' lang='lat' dir='ltr'><strong>luit,</strong></span> <span class='ocrx_word' id='word_1_25' title='bbox 452 1059 601 1139; x_wconf 89' lang='lat' dir='ltr'><strong>quotiens</strong></span> <span class='ocrx_word' id='word_1_26' title='bbox 628 1058 752 1143; x_wconf 88' lang='lat' dir='ltr'><strong>ipsein</strong></span> <span class='ocrx_word' id='word_1_27' title='bbox 776 1060 913 1124; x_wconf 90' lang='lat' dir='ltr'><strong>transitu</strong></span> <span class='ocrx_word' id='word_1_28' title='bbox 935 1058 1054 1123; x_wconf 80' lang='lat' dir='ltr'>utiliter</span> <span class='ocrx_word' id='word_1_29' title='bbox 1083 1059 1206 1140; x_wconf 87' lang='lat' dir='ltr'><strong>aliquid</strong></span> <span class='ocrx_word' id='word_1_30' title='bbox 1228 1060 1350 1125; x_wconf 90' lang='lat' dir='ltr'><strong>moneri</strong></span> <span class='ocrx_word' id='word_1_31' title='bbox 1378 1081 1474 1144; x_wconf 90' lang='lat' dir='ltr'><strong>posse</strong></span> 
     </span>
     <span class='ocr_line' id='line_1_5' title="bbox 347 1155 1474 1240; baseline 0.002 -19"><span class='ocrx_word' id='word_1_32' title='bbox 347 1155 556 1221; x_wconf 84' lang='lat' dir='ltr'><strong>existimaret.</strong></span> <span class='ocrx_word' id='word_1_33' title='bbox 616 1157 721 1238; x_wconf 79' lang='lat' dir='ltr'><strong>Atque</strong></span> <span class='ocrx_word' id='word_1_34' title='bbox 761 1164 796 1222; x_wconf 95' lang='lat' dir='ltr'><strong>ut</strong></span> <span class='ocrx_word' id='word_1_35' title='bbox 839 1164 1090 1223; x_wconf 87' lang='lat' dir='ltr'><strong>consentaneum</strong></span> <span class='ocrx_word' id='word_1_36' title='bbox 1129 1163 1177 1221; x_wconf 89' lang='lat' dir='ltr'><strong>est</strong></span> <span class='ocrx_word' id='word_1_37' title='bbox 1217 1177 1238 1222; x_wconf 91' lang='lat' dir='ltr'><strong>a</strong></span> <span class='ocrx_word' id='word_1_38' title='bbox 1277 1158 1474 1240; x_wconf 78' lang='lat' dir='ltr'><strong>simplicibus</strong></span> 
     </span>
     <span class='ocr_line' id='line_1_6' title="bbox 346 1252 707 1319; baseline 0.006 -2"><span class='ocrx_word' id='word_1_39' title='bbox 346 1252 514 1317; x_wconf 89' lang='lat' dir='ltr'><strong>vocabulis</strong></span> <span class='ocrx_word' id='word_1_40' title='bbox 536 1253 707 1319; x_wconf 80' lang='lat' dir='ltr'><strong>ordiamur.</strong></span> 
     </span>
    </p>
   </div>
   <div class='ocr_carea' id='block_1_3' title="bbox 584 1489 1240 1556">
    <p class='ocr_par' dir='ltr' id='par_1_3' title="bbox 584 1489 1240 1556">
     <span class='ocr_line' id='line_1_7' title="bbox 584 1489 1240 1556; baseline 0 -2"><span class='ocrx_word' id='word_1_41' title='bbox 584 1490 609 1553; x_wconf 95' lang='lat' dir='ltr'><strong>I.</strong></span> <span class='ocrx_word' id='word_1_42' title='bbox 653 1491 797 1555; x_wconf 84' lang='lat' dir='ltr'><strong>ALPHA</strong></span> <span class='ocrx_word' id='word_1_43' title='bbox 819 1489 1128 1556; x_wconf 79' lang='lat' dir='ltr'>PROTHETICUM</span> <span class='ocrx_word' id='word_1_44' title='bbox 1150 1491 1240 1556; x_wconf 84' lang='lat' dir='ltr'><strong>EST.</strong></span> 
     </span>
    </p>
   </div>
   <div class='ocr_carea' id='block_1_4' title="bbox 432 1641 1474 1736">
    <p class='ocr_par' dir='ltr' id='par_1_4' title="bbox 432 1641 1474 1736">
     <span class='ocr_line' id='line_1_8' title="bbox 432 1641 1474 1736; baseline 0.003 -32"><span class='ocrx_word' id='word_1_45' title='bbox 432 1641 511 1705; x_wconf 68' lang='lat' dir='ltr'><strong>Tria</strong></span> <span class='ocrx_word' id='word_1_46' title='bbox 547 1648 620 1736; x_wconf 79' lang='lat' dir='ltr'><strong>sunt</strong></span> <span class='ocrx_word' id='word_1_47' title='bbox 658 1661 740 1722; x_wconf 90' lang='lat' dir='ltr'><strong>quae</strong></span> <span class='ocrx_word' id='word_1_48' title='bbox 769 1642 810 1708; x_wconf 91' lang='lat' dir='ltr'><strong>de</strong></span> <span class='ocrx_word' id='word_1_49' title='bbox 844 1642 1009 1707; x_wconf 91' lang='lat' dir='ltr'><strong>vocalibus</strong></span> <span class='ocrx_word' id='word_1_50' title='bbox 1042 1642 1227 1725; x_wconf 89' lang='lat' dir='ltr'><strong>protheticis</strong></span> <span class='ocrx_word' id='word_1_51' title='bbox 1255 1662 1318 1707; x_wconf 91' lang='lat' dir='ltr'><strong>non</strong></span> <span class='ocrx_word' id='word_1_52' title='bbox 1347 1662 1474 1726; x_wconf 81' lang='lat' dir='ltr'>semper</span> 
     </span>
    </p>
   </div>
   <div class='ocr_carea' id='block_1_5' title="bbox 329 1738 1480 4350">
    <p class='ocr_par' dir='ltr' id='par_1_5' title="bbox 347 1738 1474 2212">
     <span class='ocr_line' id='line_1_9' title="bbox 347 1738 1472 1821; baseline 0.001 -18"><span class='ocrx_word' id='word_1_53' title='bbox 347 1738 425 1803; x_wconf 86' lang='lat' dir='ltr'><strong>satis</strong></span> <span class='ocrx_word' id='word_1_54' title='bbox 468 1745 623 1817; x_wconf 53' lang='lat' dir='ltr'><strong>accurate,</strong></span> <span class='ocrx_word' id='word_1_55' title='bbox 654 1740 816 1805; x_wconf 90' lang='lat' dir='ltr'><strong>observari</strong></span> <span class='ocrx_word' id='word_1_56' title='bbox 851 1741 957 1805; x_wconf 90' lang='lat' dir='ltr'><strong>solent</strong></span> <span class='ocrx_word' id='word_1_57' title='bbox 993 1740 1102 1821; x_wconf 88' lang='lat' dir='ltr'><strong>qualia</strong></span> <span class='ocrx_word' id='word_1_58' title='bbox 1138 1740 1216 1804; x_wconf 91' lang='lat' dir='ltr'><strong>sint:</strong></span> <span class='ocrx_word' id='word_1_59' title='bbox 1260 1760 1472 1805; x_wconf 87' lang='lat' dir='ltr'><strong>consonarum</strong></span> 
     </span>
     <span class='ocr_line' id='line_1_10' title="bbox 347 1835 1471 1921; baseline 0.002 -21"><span class='ocrx_word' id='word_1_60' title='bbox 347 1842 464 1900; x_wconf 87' lang='lat' dir='ltr'><strong>natura</strong></span> <span class='ocrx_word' id='word_1_61' title='bbox 497 1835 611 1915; x_wconf 93' lang='lat' dir='ltr'><strong>quibus</strong></span> <span class='ocrx_word' id='word_1_62' title='bbox 644 1836 706 1903; x_wconf 89' lang='lat' dir='ltr'><strong>hac</strong></span> <span class='ocrx_word' id='word_1_63' title='bbox 739 1838 868 1903; x_wconf 87' lang='lat' dir='ltr'><strong>vocales</strong></span> <span class='ocrx_word' id='word_1_64' title='bbox 897 1837 1107 1919; x_wconf 89' lang='lat' dir='ltr'><strong>antecedunt,</strong></span> <span class='ocrx_word' id='word_1_65' title='bbox 1143 1839 1302 1903; x_wconf 77' lang='lat' dir='ltr'><strong>vocalium</strong></span> <span class='ocrx_word' id='word_1_66' title='bbox 1330 1838 1471 1921; x_wconf 87' lang='lat' dir='ltr'><strong>ipsarum</strong></span> 
     </span>
     <span class='ocr_line' id='line_1_11' title="bbox 347 1935 1474 2017; baseline 0.001 -19"><span class='ocrx_word' id='word_1_67' title='bbox 347 1952 454 2012; x_wconf 90' lang='lat' dir='ltr'><strong>sonus,</strong></span> <span class='ocrx_word' id='word_1_68' title='bbox 481 1939 659 2016; x_wconf 89' lang='lat' dir='ltr'><strong>temporum</strong></span> <span class='ocrx_word' id='word_1_69' title='bbox 681 1954 719 1999; x_wconf 89' lang='lat' dir='ltr'><strong>ac</strong></span> <span class='ocrx_word' id='word_1_70' title='bbox 741 1936 881 2000; x_wconf 91' lang='lat' dir='ltr'><strong>locorum</strong></span> <span class='ocrx_word' id='word_1_71' title='bbox 905 1935 1083 2000; x_wconf 90' lang='lat' dir='ltr'><strong>diversitas.</strong></span> <span class='ocrx_word' id='word_1_72' title='bbox 1115 1937 1163 1999; x_wconf 92' lang='lat' dir='ltr'><strong>De</strong></span> <span class='ocrx_word' id='word_1_73' title='bbox 1181 1936 1231 2000; x_wconf 89' lang='lat' dir='ltr'><strong>his</strong></span> <span class='ocrx_word' id='word_1_74' title='bbox 1254 1935 1348 2000; x_wconf 90' lang='lat' dir='ltr'><strong>rebus</strong></span> <span class='ocrx_word' id='word_1_75' title='bbox 1371 1954 1474 2017; x_wconf 88' lang='lat' dir='ltr'><strong>pauca</strong></span> 
     </span>
     <span class='ocr_line' id='line_1_12' title="bbox 347 2027 1472 2116; baseline 0.002 -22"><span class='ocrx_word' id='word_1_76' title='bbox 347 2030 498 2095; x_wconf 82' lang='lat' dir='ltr'><strong>universe</strong></span> <span class='ocrx_word' id='word_1_77' title='bbox 527 2027 714 2095; x_wconf 90' lang='lat' dir='ltr'><strong>disserenda</strong></span> <span class='ocrx_word' id='word_1_78' title='bbox 743 2038 830 2112; x_wconf 92' lang='lat' dir='ltr'><strong>sunt,</strong></span> <span class='ocrx_word' id='word_1_79' title='bbox 864 2033 1048 2115; x_wconf 80' lang='lat' dir='ltr'><strong>priusquam</strong></span> <span class='ocrx_word' id='word_1_80' title='bbox 1078 2031 1206 2115; x_wconf 87' lang='lat' dir='ltr'><strong>singula</strong></span> <span class='ocrx_word' id='word_1_81' title='bbox 1235 2033 1384 2116; x_wconf 83' lang='lat' dir='ltr'><strong>exempla</strong></span> <span class='ocrx_word' id='word_1_82' title='bbox 1415 2053 1472 2098; x_wconf 92' lang='lat' dir='ltr'><strong>suo</strong></span> 
     </span>
     <span class='ocr_line' id='line_1_13' title="bbox 347 2126 680 2212; baseline 0.003 -20"><span class='ocrx_word' id='word_1_83' title='bbox 347 2126 461 2192; x_wconf 90' lang='lat' dir='ltr'><strong>ordine</strong></span> <span class='ocrx_word' id='word_1_84' title='bbox 483 2136 680 2212; x_wconf 77' lang='lat' dir='ltr'><strong>enarrentur.</strong></span> 
     </span>
    </p>

    <p class='ocr_par' dir='ltr' id='par_1_6' title="bbox 329 2224 1475 4158">
     <span class='ocr_line' id='line_1_14' title="bbox 433 2224 1473 2307; baseline 0.003 -19"><span class='ocrx_word' id='word_1_85' title='bbox 433 2224 519 2289; x_wconf 88' lang='lat' dir='ltr'><strong>Ante</strong></span> <span class='ocrx_word' id='word_1_86' title='bbox 548 2244 705 2290; x_wconf 89' lang='lat' dir='ltr'><strong>consonas</strong></span> <span class='ocrx_word' id='word_1_87' title='bbox 737 2226 893 2307; x_wconf 88' lang='lat' dir='ltr'><strong>quasdam</strong></span> <span class='ocrx_word' id='word_1_88' title='bbox 927 2246 1023 2292; x_wconf 91' lang='lat' dir='ltr'><strong>sonus</strong></span> <span class='ocrx_word' id='word_1_89' title='bbox 1052 2225 1193 2290; x_wconf 87' lang='lat' dir='ltr'><strong>nascitur</strong></span> <span class='ocrx_word' id='word_1_90' title='bbox 1221 2224 1325 2290; x_wconf 89' lang='lat' dir='ltr'><strong>vocali</strong></span> <span class='ocrx_word' id='word_1_91' title='bbox 1359 2226 1473 2291; x_wconf 92' lang='lat' dir='ltr'><strong>similis</strong></span> 
     </span>
     <span class='ocr_line' id='line_1_15' title="bbox 347 2321 1471 2406; baseline 0 -19"><span class='ocrx_word' id='word_1_92' title='bbox 347 2323 400 2405; x_wconf 91' lang='lat' dir='ltr'><strong>qui</strong></span> <span class='ocrx_word' id='word_1_93' title='bbox 434 2321 578 2400; x_wconf 86' lang='lat' dir='ltr'><strong>auditur,</strong></span> <span class='ocrx_word' id='word_1_94' title='bbox 617 2321 801 2406; x_wconf 91' lang='lat' dir='ltr'><strong>priusquam</strong></span> <span class='ocrx_word' id='word_1_95' title='bbox 833 2343 975 2389; x_wconf 88' lang='lat' dir='ltr'><strong>consona</strong></span> <span class='ocrx_word' id='word_1_96' title='bbox 1006 2324 1078 2405; x_wconf 89' lang='lat' dir='ltr'><strong>ipsa</strong></span> <span class='ocrx_word' id='word_1_97' title='bbox 1112 2342 1152 2387; x_wconf 84' lang='lat' dir='ltr'><strong>ex</strong></span> <span class='ocrx_word' id='word_1_98' title='bbox 1185 2340 1239 2385; x_wconf 92' lang='lat' dir='ltr'><strong>ore</strong></span> <span class='ocrx_word' id='word_1_99' title='bbox 1275 2323 1471 2403; x_wconf 91' lang='lat' dir='ltr'><strong>loquentium</strong></span> 
     </span>
     <span class='ocr_line' id='line_1_16' title="bbox 346 2418 1473 2502; baseline 0 -17"><span class='ocrx_word' id='word_1_100' title='bbox 346 2419 496 2502; x_wconf 81' lang='lat' dir='ltr'><strong>erumpit.</strong></span> <span class='ocrx_word' id='word_1_101' title='bbox 546 2418 615 2483; x_wconf 93' lang='lat' dir='ltr'><strong>Hoc</strong></span> <span class='ocrx_word' id='word_1_102' title='bbox 643 2439 722 2484; x_wconf 91' lang='lat' dir='ltr'><strong>sono</strong></span> <span class='ocrx_word' id='word_1_103' title='bbox 753 2422 806 2502; x_wconf 93' lang='lat' dir='ltr'><strong>qui</strong></span> <span class='ocrx_word' id='word_1_104' title='bbox 838 2420 943 2502; x_wconf 86' lang='lat' dir='ltr'><strong>qualis</strong></span> <span class='ocrx_word' id='word_1_105' title='bbox 969 2420 1010 2485; x_wconf 91' lang='lat' dir='ltr'><strong>sit</strong></span> <span class='ocrx_word' id='word_1_106' title='bbox 1041 2418 1183 2485; x_wconf 91' lang='lat' dir='ltr'><strong>nondum</strong></span> <span class='ocrx_word' id='word_1_107' title='bbox 1212 2420 1394 2501; x_wconf 78' lang='lat' dir='ltr'><strong>quaerimus</strong></span> <span class='ocrx_word' id='word_1_108' title='bbox 1428 2427 1473 2484; x_wconf 92' lang='lat' dir='ltr'><strong>t-</strong></span> 
     </span>
     <span class='ocr_line' id='line_1_17' title="bbox 346 2516 1473 2600; baseline 0 -18"><span class='ocrx_word' id='word_1_109' title='bbox 346 2517 410 2583; x_wconf 90' lang='lat' dir='ltr'><strong>tius</strong></span> <span class='ocrx_word' id='word_1_110' title='bbox 434 2516 584 2581; x_wconf 83' lang='lat' dir='ltr'><strong>vocabuli</strong></span> <span class='ocrx_word' id='word_1_111' title='bbox 599 2516 788 2599; x_wconf 89' lang='lat' dir='ltr'><strong>significatio</strong></span> <span class='ocrx_word' id='word_1_112' title='bbox 810 2518 942 2582; x_wconf 88' lang='lat' dir='ltr'><strong>minime</strong></span> <span class='ocrx_word' id='word_1_113' title='bbox 957 2524 1106 2598; x_wconf 89' lang='lat' dir='ltr'><strong>mutatur,</strong></span> <span class='ocrx_word' id='word_1_114' title='bbox 1129 2517 1205 2600; x_wconf 93' lang='lat' dir='ltr'><strong>quia</strong></span> <span class='ocrx_word' id='word_1_115' title='bbox 1220 2536 1238 2583; x_wconf 92' lang='lat' dir='ltr'><strong>e</strong></span> <span class='ocrx_word' id='word_1_116' title='bbox 1253 2516 1330 2582; x_wconf 89' lang='lat' dir='ltr'><strong>solis</strong></span> <span class='ocrx_word' id='word_1_117' title='bbox 1353 2517 1473 2600; x_wconf 92' lang='lat' dir='ltr'><strong>pendet</strong></span> 
     </span>
     <span class='ocr_line' id='line_1_18' title="bbox 345 2614 1473 2699; baseline 0.002 -20"><span class='ocrx_word' id='word_1_118' title='bbox 345 2614 489 2699; x_wconf 83' lang='lat' dir='ltr'><strong>physicis</strong></span> <span class='ocrx_word' id='word_1_119' title='bbox 521 2614 714 2696; x_wconf 87' lang='lat' dir='ltr'><strong>rationibus,</strong></span> <span class='ocrx_word' id='word_1_120' title='bbox 753 2635 832 2697; x_wconf 90' lang='lat' dir='ltr'><strong>quas</strong></span> <span class='ocrx_word' id='word_1_121' title='bbox 865 2635 926 2697; x_wconf 94' lang='lat' dir='ltr'><strong>quo</strong></span> <span class='ocrx_word' id='word_1_122' title='bbox 959 2615 1137 2679; x_wconf 85' lang='lat' dir='ltr'><strong>accuratius</strong></span> <span class='ocrx_word' id='word_1_123' title='bbox 1170 2615 1396 2697; x_wconf 81' lang='lat' dir='ltr'><strong>explicaveris,</strong></span> <span class='ocrx_word' id='word_1_124' title='bbox 1435 2636 1473 2681; x_wconf 91' lang='lat' dir='ltr'><strong>eo</strong></span> 
     </span>
     <span class='ocr_line' id='line_1_19' title="bbox 345 2710 1474 2794; baseline 0.003 -19"><span class='ocrx_word' id='word_1_125' title='bbox 345 2711 451 2793; x_wconf 82' lang='lat' dir='ltr'><strong>magis</strong></span> <span class='ocrx_word' id='word_1_126' title='bbox 471 2710 657 2792; x_wconf 85' lang='lat' dir='ltr'><strong>intelleges,</strong></span> <span class='ocrx_word' id='word_1_127' title='bbox 686 2732 780 2794; x_wconf 94' lang='lat' dir='ltr'><strong>quam</strong></span> <span class='ocrx_word' id='word_1_128' title='bbox 804 2714 844 2777; x_wconf 92' lang='lat' dir='ltr'><strong>sit</strong></span> <span class='ocrx_word' id='word_1_129' title='bbox 866 2717 933 2777; x_wconf 89' lang='lat' dir='ltr'><strong>tota</strong></span> <span class='ocrx_word' id='word_1_130' title='bbox 954 2731 1006 2778; x_wconf 90' lang='lat' dir='ltr'><strong>res</strong></span> <span class='ocrx_word' id='word_1_131' title='bbox 1027 2719 1161 2776; x_wconf 88' lang='lat' dir='ltr'><strong>naturae</strong></span> <span class='ocrx_word' id='word_1_132' title='bbox 1184 2712 1308 2793; x_wconf 90' lang='lat' dir='ltr'><strong>legibus</strong></span> <span class='ocrx_word' id='word_1_133' title='bbox 1331 2732 1474 2778; x_wconf 90' lang='lat' dir='ltr'><strong>accomo-</strong></span> 
     </span>
     <span class='ocr_line' id='line_1_20' title="bbox 345 2808 1473 2891; baseline 0.001 -16"><span class='ocrx_word' id='word_1_134' title='bbox 345 2808 433 2875; x_wconf 89' lang='lat' dir='ltr'><strong>data.</strong></span> <span class='ocrx_word' id='word_1_135' title='bbox 478 2808 564 2874; x_wconf 84' lang='lat' dir='ltr'><strong>Ante</strong></span> <span class='ocrx_word' id='word_1_136' title='bbox 592 2808 700 2875; x_wconf 88' lang='lat' dir='ltr'><strong>omnia</strong></span> <span class='ocrx_word' id='word_1_137' title='bbox 727 2809 824 2891; x_wconf 91' lang='lat' dir='ltr'><strong>igitur</strong></span> <span class='ocrx_word' id='word_1_138' title='bbox 845 2810 877 2873; x_wconf 93' lang='lat' dir='ltr'><strong>in</strong></span> <span class='ocrx_word' id='word_1_139' title='bbox 906 2828 1067 2874; x_wconf 87' lang='lat' dir='ltr'><strong>consonae</strong></span> <span class='ocrx_word' id='word_1_140' title='bbox 1092 2808 1226 2875; x_wconf 88' lang='lat' dir='ltr'><strong>initialis</strong></span> <span class='ocrx_word' id='word_1_141' title='bbox 1256 2817 1410 2874; x_wconf 87' lang='lat' dir='ltr'><strong>naturam</strong></span> <span class='ocrx_word' id='word_1_142' title='bbox 1427 2812 1473 2876; x_wconf 93' lang='lat' dir='ltr'><strong>in-</strong></span> 
     </span>
     <span class='ocr_line' id='line_1_21' title="bbox 344 2903 1472 2990; baseline 0 -19"><span class='ocrx_word' id='word_1_143' title='bbox 344 2903 538 2989; x_wconf 86' lang='lat' dir='ltr'><strong>quirendum</strong></span> <span class='ocrx_word' id='word_1_144' title='bbox 561 2912 609 2971; x_wconf 92' lang='lat' dir='ltr'><strong>est</strong></span> <span class='ocrx_word' id='word_1_145' title='bbox 632 2905 717 2987; x_wconf 93' lang='lat' dir='ltr'><strong>quod</strong></span> <span class='ocrx_word' id='word_1_146' title='bbox 739 2906 858 2990; x_wconf 91' lang='lat' dir='ltr'><strong>optime</strong></span> <span class='ocrx_word' id='word_1_147' title='bbox 880 2906 955 2971; x_wconf 81' lang='lat' dir='ltr'><strong>iecit</strong></span> <span class='ocrx_word' id='word_1_148' title='bbox 977 2905 1103 2971; x_wconf 82' lang='lat' dir='ltr'><strong>Curtius</strong></span> <span class='ocrx_word' id='word_1_149' title='bbox 1125 2913 1221 2990; x_wconf 88' lang='lat' dir='ltr'><strong>etym.</strong></span> <span class='ocrx_word' id='word_1_150' title='bbox 1239 2907 1310 2971; x_wconf 78' lang='lat' dir='ltr'><strong>Gr.⁴</strong></span> <span class='ocrx_word' id='word_1_151' title='bbox 1327 2912 1388 2971; x_wconf 82' lang='lat'><strong>710</strong></span> <span class='ocrx_word' id='word_1_152' title='bbox 1404 2928 1472 2990; x_wconf 89' lang='lat' dir='ltr'><strong>sqq.</strong></span> 
     </span>
     <span class='ocr_line' id='line_1_22' title="bbox 345 3002 1474 3086; baseline 0.002 -18"><span class='ocrx_word' id='word_1_153' title='bbox 345 3003 509 3082; x_wconf 76' lang='lat' dir='ltr'><strong>Quoniam</strong></span> <span class='ocrx_word' id='word_1_154' title='bbox 543 3003 627 3067; x_wconf 89' lang='lat' dir='ltr'><strong>enim</strong></span> <span class='ocrx_word' id='word_1_155' title='bbox 661 3011 912 3070; x_wconf 88' lang='lat' dir='ltr'><strong>consentaneum</strong></span> <span class='ocrx_word' id='word_1_156' title='bbox 946 3010 994 3069; x_wconf 90' lang='lat' dir='ltr'><strong>est</strong></span> <span class='ocrx_word' id='word_1_157' title='bbox 1027 3002 1171 3086; x_wconf 87' lang='lat' dir='ltr'><strong>duplices</strong></span> <span class='ocrx_word' id='word_1_158' title='bbox 1203 3023 1359 3068; x_wconf 88' lang='lat' dir='ltr'><strong>consonas</strong></span> <span class='ocrx_word' id='word_1_159' title='bbox 1394 3003 1474 3070; x_wconf 86' lang='lat' dir='ltr'><strong>diffi-</strong></span> 
     </span>
     <span class='ocr_line' id='line_1_23' title="bbox 345 3100 1473 3184; baseline 0 -18"><span class='ocrx_word' id='word_1_160' title='bbox 345 3100 475 3166; x_wconf 90' lang='lat' dir='ltr'><strong>ciliores</strong></span> <span class='ocrx_word' id='word_1_161' title='bbox 498 3120 569 3166; x_wconf 89' lang='lat' dir='ltr'><strong>esse</strong></span> <span class='ocrx_word' id='word_1_162' title='bbox 590 3100 632 3165; x_wconf 92' lang='lat' dir='ltr'><strong>ad</strong></span> <span class='ocrx_word' id='word_1_163' title='bbox 655 3102 926 3184; x_wconf 87' lang='lat' dir='ltr'><strong>pronuntiandum</strong></span> <span class='ocrx_word' id='word_1_164' title='bbox 943 3121 1037 3182; x_wconf 87' lang='lat' dir='ltr'><strong>quam</strong></span> <span class='ocrx_word' id='word_1_165' title='bbox 1057 3101 1228 3182; x_wconf 90' lang='lat' dir='ltr'><strong>simplices,</strong></span> <span class='ocrx_word' id='word_1_166' title='bbox 1251 3101 1360 3182; x_wconf 87' lang='lat' dir='ltr'><strong>lingua</strong></span> <span class='ocrx_word' id='word_1_167' title='bbox 1382 3103 1473 3181; x_wconf 88' lang='lat' dir='ltr'><strong>quasi</strong></span> 
     </span>
     <span class='ocr_line' id='line_1_24' title="bbox 340 3197 1472 3281; baseline -0.002 -17"><span class='ocrx_word' id='word_1_168' title='bbox 340 3199 433 3264; x_wconf 86' lang='lat' dir='ltr'><strong>vires</strong></span> <span class='ocrx_word' id='word_1_169' title='bbox 456 3197 594 3279; x_wconf 85' lang='lat' dir='ltr'><strong>colligit,</strong></span> <span class='ocrx_word' id='word_1_170' title='bbox 624 3205 798 3279; x_wconf 88' lang='lat' dir='ltr'><strong>antequam</strong></span> <span class='ocrx_word' id='word_1_171' title='bbox 826 3199 904 3263; x_wconf 91' lang='lat' dir='ltr'><strong>illae</strong></span> <span class='ocrx_word' id='word_1_172' title='bbox 932 3198 1188 3281; x_wconf 86' lang='lat' dir='ltr'><strong>pronuntiantur,</strong></span> <span class='ocrx_word' id='word_1_173' title='bbox 1218 3198 1287 3263; x_wconf 91' lang='lat' dir='ltr'><strong>sive</strong></span> <span class='ocrx_word' id='word_1_174' title='bbox 1308 3203 1343 3260; x_wconf 96' lang='lat' dir='ltr'><strong>ut</strong></span> <span class='ocrx_word' id='word_1_175' title='bbox 1364 3197 1472 3280; x_wconf 89' lang='lat' dir='ltr'><strong>physi-</strong></span> 
     </span>
     <span class='ocr_line' id='line_1_25' title="bbox 338 3293 1470 3380; baseline -0.002 -19"><span class='ocrx_word' id='word_1_176' title='bbox 338 3314 456 3361; x_wconf 88' lang='lat' dir='ltr'><strong>corum</strong></span> <span class='ocrx_word' id='word_1_177' title='bbox 486 3294 593 3359; x_wconf 91' lang='lat' dir='ltr'><strong>verbis</strong></span> <span class='ocrx_word' id='word_1_178' title='bbox 621 3302 693 3360; x_wconf 89' lang='lat' dir='ltr'><strong>utar</strong></span> <span class='ocrx_word' id='word_1_179' title='bbox 723 3295 874 3380; x_wconf 86' lang='lat' dir='ltr'><strong>glottides</strong></span> <span class='ocrx_word' id='word_1_180' title='bbox 897 3297 943 3360; x_wconf 86' lang='lat' dir='ltr'><strong>ita</strong></span> <span class='ocrx_word' id='word_1_181' title='bbox 971 3296 1055 3359; x_wconf 90' lang='lat' dir='ltr'><strong>inter</strong></span> <span class='ocrx_word' id='word_1_182' title='bbox 1082 3313 1116 3359; x_wconf 90' lang='lat' dir='ltr'><strong>se</strong></span> <span class='ocrx_word' id='word_1_183' title='bbox 1144 3293 1406 3376; x_wconf 88' lang='lat' dir='ltr'><strong>appropinquant</strong></span> <span class='ocrx_word' id='word_1_184' title='bbox 1427 3302 1470 3376; x_wconf 93' lang='lat' dir='ltr'><strong>ut,</strong></span> 
     </span>
     <span class='ocr_line' id='line_1_26' title="bbox 336 3389 1473 3477; baseline 0 -20"><span class='ocrx_word' id='word_1_185' title='bbox 336 3393 534 3477; x_wconf 87' lang='lat' dir='ltr'><strong>priusquam</strong></span> <span class='ocrx_word' id='word_1_186' title='bbox 563 3411 642 3457; x_wconf 87' lang='lat' dir='ltr'><strong>aura</strong></span> <span class='ocrx_word' id='word_1_187' title='bbox 670 3414 727 3475; x_wconf 91' lang='lat' dir='ltr'><strong>per</strong></span> <span class='ocrx_word' id='word_1_188' title='bbox 753 3395 867 3458; x_wconf 87' lang='lat' dir='ltr'><strong>rimam</strong></span> <span class='ocrx_word' id='word_1_189' title='bbox 896 3392 1023 3476; x_wconf 84' lang='lat' dir='ltr'><strong>perdet,</strong></span> <span class='ocrx_word' id='word_1_190' title='bbox 1041 3411 1155 3457; x_wconf 83' lang='lat' dir='ltr'><strong>sonus</strong></span> <span class='ocrx_word' id='word_1_191' title='bbox 1180 3389 1301 3456; x_wconf 88' lang='lat' dir='ltr'><strong>edatur.</strong></span> <span class='ocrx_word' id='word_1_192' title='bbox 1345 3391 1419 3456; x_wconf 85' lang='lat' dir='ltr'><strong>Jam</strong></span> <span class='ocrx_word' id='word_1_193' title='bbox 1445 3394 1473 3458; x_wconf 91' lang='lat' dir='ltr'><strong>si</strong></span> 
     </span>
     <span class='ocr_line' id='line_1_27' title="bbox 333 3487 1474 3574; baseline 0.001 -19"><span class='ocrx_word' id='word_1_194' title='bbox 333 3490 434 3574; x_wconf 88' lang='lat' dir='ltr'><strong>prior</strong></span> <span class='ocrx_word' id='word_1_195' title='bbox 462 3507 672 3554; x_wconf 89' lang='lat' dir='ltr'><strong>consonarum</strong></span> <span class='ocrx_word' id='word_1_196' title='bbox 701 3491 870 3556; x_wconf 87' lang='lat' dir='ltr'><strong>initialium</strong></span> <span class='ocrx_word' id='word_1_197' title='bbox 900 3492 973 3574; x_wconf 90' lang='lat' dir='ltr'><strong>ipsa</strong></span> <span class='ocrx_word' id='word_1_198' title='bbox 1001 3495 1050 3555; x_wconf 87' lang='lat' dir='ltr'><strong>est</strong></span> <span class='ocrx_word' id='word_1_199' title='bbox 1077 3488 1224 3553; x_wconf 83' lang='lat' dir='ltr'><strong>fricativa</strong></span> <span class='ocrx_word' id='word_1_200' title='bbox 1253 3487 1321 3553; x_wconf 92' lang='lat' dir='ltr'><strong>sive</strong></span> <span class='ocrx_word' id='word_1_201' title='bbox 1347 3491 1474 3571; x_wconf 90' lang='lat' dir='ltr'><strong>spirans</strong></span> 
     </span>
     <span class='ocr_line' id='line_1_28' title="bbox 334 3585 1474 3668; baseline 0 -16"><span class='ocrx_word' id='word_1_202' title='bbox 334 3588 417 3653; x_wconf 84' lang='lat' dir='ltr'><strong>sive</strong></span> <span class='ocrx_word' id='word_1_203' title='bbox 446 3585 597 3668; x_wconf 90' lang='lat' dir='ltr'><strong>sibilans,</strong></span> <span class='ocrx_word' id='word_1_204' title='bbox 628 3588 795 3653; x_wconf 88' lang='lat' dir='ltr'><strong>transitum</strong></span> <span class='ocrx_word' id='word_1_205' title='bbox 825 3589 867 3654; x_wconf 90' lang='lat' dir='ltr'><strong>ad</strong></span> <span class='ocrx_word' id='word_1_206' title='bbox 897 3608 1010 3653; x_wconf 89' lang='lat' dir='ltr'><strong>sonum</strong></span> <span class='ocrx_word' id='word_1_207' title='bbox 1038 3586 1144 3651; x_wconf 89' lang='lat' dir='ltr'><strong>vocali</strong></span> <span class='ocrx_word' id='word_1_208' title='bbox 1172 3585 1308 3651; x_wconf 90' lang='lat' dir='ltr'><strong>similem</strong></span> <span class='ocrx_word' id='word_1_209' title='bbox 1332 3592 1364 3651; x_wconf 96' lang='lat' dir='ltr'><strong>et</strong></span> <span class='ocrx_word' id='word_1_210' title='bbox 1386 3586 1474 3653; x_wconf 89' lang='lat' dir='ltr'><strong>dein·</strong></span> 
     </span>
     <span class='ocr_line' id='line_1_29' title="bbox 329 3683 1473 3772; baseline -0.003 -17"><span class='ocrx_word' id='word_1_211' title='bbox 329 3708 423 3772; x_wconf 73' lang='lat' dir='ltr'><strong>(ceps</strong></span> <span class='ocrx_word' id='word_1_212' title='bbox 453 3686 495 3753; x_wconf 88' lang='lat' dir='ltr'><strong>ad</strong></span> <span class='ocrx_word' id='word_1_213' title='bbox 530 3687 674 3751; x_wconf 89' lang='lat' dir='ltr'><strong>vocalem</strong></span> <span class='ocrx_word' id='word_1_214' title='bbox 704 3704 741 3750; x_wconf 94' lang='lat' dir='ltr'><strong>eo</strong></span> <span class='ocrx_word' id='word_1_215' title='bbox 772 3705 856 3751; x_wconf 90' lang='lat' dir='ltr'><strong>esse·</strong></span> <span class='ocrx_word' id='word_1_216' title='bbox 871 3685 1047 3752; x_wconf 88' lang='lat' dir='ltr'><strong>faciliorem</strong></span> <span class='ocrx_word' id='word_1_217' title='bbox 1081 3683 1259 3764; x_wconf 82' lang='lat' dir='ltr'><strong>intellegis:</strong></span> <span class='ocrx_word' id='word_1_218' title='bbox 1303 3702 1342 3749; x_wconf 92' lang='lat' dir='ltr'><strong>en</strong></span> <span class='ocrx_word' id='word_1_219' title='bbox 1359 3684 1473 3751; x_wconf 89' lang='lat' dir='ltr'><strong>&#39;babes</strong></span> 
     </span>
     <span class='ocr_line' id='line_1_30' title="bbox 329 3780 1474 3866; baseline -0.003 -16"><span class='ocrx_word' id='word_1_220' title='bbox 329 3806 401 3851; x_wconf 67' lang='lat' dir='ltr'><strong>cur</strong></span> <span class='ocrx_word' id='word_1_221' title='bbox 425 3790 502 3849; x_wconf 89' lang='lat' dir='ltr'><strong>ante</strong></span> <span class='ocrx_word' id='word_1_222' title='bbox 524 3784 607 3848; x_wconf 87' lang='lat' dir='ltr'><strong>tales</strong></span> <span class='ocrx_word' id='word_1_223' title='bbox 636 3782 835 3866; x_wconf 91' lang='lat' dir='ltr'><strong>potissimum</strong></span> <span class='ocrx_word' id='word_1_224' title='bbox 864 3802 1021 3849; x_wconf 88' lang='lat' dir='ltr'><strong>consonas</strong></span> <span class='ocrx_word' id='word_1_225' title='bbox 1044 3780 1188 3863; x_wconf 91' lang='lat' dir='ltr'><strong>duplices</strong></span> <span class='ocrx_word' id='word_1_226' title='bbox 1217 3781 1406 3863; x_wconf 89' lang='lat' dir='ltr'><strong>saepissime</strong></span> <span class='ocrx_word' id='word_1_227' title='bbox 1427 3782 1474 3847; x_wconf 93' lang='lat' dir='ltr'><strong>in-</strong></span> 
     </span>
     <span class='ocr_line' id='line_1_31' title="bbox 332 3878 1475 3963; baseline -0.001 -18"><span class='ocrx_word' id='word_1_228' title='bbox 332 3882 521 3949; x_wconf 84' lang='lat' dir='ltr'><strong>veniantur</strong></span> <span class='ocrx_word' id='word_1_229' title='bbox 553 3881 750 3963; x_wconf 91' lang='lat' dir='ltr'><strong>protheticae</strong></span> <span class='ocrx_word' id='word_1_230' title='bbox 783 3882 920 3946; x_wconf 90' lang='lat' dir='ltr'><strong>vocales.</strong></span> <span class='ocrx_word' id='word_1_231' title='bbox 976 3879 1032 3945; x_wconf 89' lang='lat' dir='ltr'><strong>Sin</strong></span> <span class='ocrx_word' id='word_1_232' title='bbox 1068 3883 1173 3942; x_wconf 92' lang='lat' dir='ltr'><strong>autem</strong></span> <span class='ocrx_word' id='word_1_233' title='bbox 1211 3878 1298 3959; x_wconf 94' lang='lat' dir='ltr'><strong>prior</strong></span> <span class='ocrx_word' id='word_1_234' title='bbox 1333 3900 1475 3945; x_wconf 90' lang='lat' dir='ltr'><strong>consona</strong></span> 
     </span>
     <span class='ocr_line' id='line_1_32' title="bbox 331 3976 1475 4061; baseline -0.004 -18"><span class='ocrx_word' id='word_1_235' title='bbox 331 3998 412 4045; x_wconf 79' lang='lat' dir='ltr'><strong>non</strong></span> <span class='ocrx_word' id='word_1_236' title='bbox 458 3985 506 4044; x_wconf 87' lang='lat' dir='ltr'><strong>est</strong></span> <span class='ocrx_word' id='word_1_237' title='bbox 548 3977 700 4042; x_wconf 89' lang='lat' dir='ltr'><strong>continua</strong></span> <span class='ocrx_word' id='word_1_238' title='bbox 737 3978 795 4043; x_wconf 90' lang='lat' dir='ltr'><strong>sed</strong></span> <span class='ocrx_word' id='word_1_239' title='bbox 831 3978 1000 4061; x_wconf 84' lang='lat' dir='ltr'><strong>explosiva</strong></span> <span class='ocrx_word' id='word_1_240' title='bbox 1043 3993 1125 4057; x_wconf 88' lang='lat' dir='ltr'><strong>quae</strong></span> <span class='ocrx_word' id='word_1_241' title='bbox 1161 3982 1307 4055; x_wconf 89' lang='lat' dir='ltr'><strong>vocatur,</strong></span> <span class='ocrx_word' id='word_1_242' title='bbox 1353 3976 1475 4041; x_wconf 90' lang='lat' dir='ltr'><strong>rariora</strong></span> 
     </span>
     <span class='ocr_line' id='line_1_33' title="bbox 335 4076 605 4158; baseline -0.015 -17"><span class='ocrx_word' id='word_1_243' title='bbox 335 4076 500 4158; x_wconf 72' lang='lat' dir='ltr'><strong>exempla</strong></span> <span class='ocrx_word' id='word_1_244' title='bbox 521 4080 605 4140; x_wconf 89' lang='lat' dir='ltr'><strong>sunt.</strong></span> 
     </span>
    </p>

    <p class='ocr_par' dir='ltr' id='par_1_7' title="bbox 340 4167 1480 4350">
     <span class='ocr_line' id='line_1_34' title="bbox 435 4167 1480 4255; baseline -0.007 -19"><span class='ocrx_word' id='word_1_245' title='bbox 435 4171 554 4238; x_wconf 87' lang='lat' dir='ltr'><strong>Verum</strong></span> <span class='ocrx_word' id='word_1_246' title='bbox 584 4172 680 4236; x_wconf 89' lang='lat' dir='ltr'><strong>etiam</strong></span> <span class='ocrx_word' id='word_1_247' title='bbox 709 4179 784 4237; x_wconf 90' lang='lat' dir='ltr'><strong>ante</strong></span> <span class='ocrx_word' id='word_1_248' title='bbox 812 4172 975 4255; x_wconf 90' lang='lat' dir='ltr'><strong>simplices</strong></span> <span class='ocrx_word' id='word_1_249' title='bbox 1003 4190 1160 4235; x_wconf 90' lang='lat' dir='ltr'><strong>consonas</strong></span> <span class='ocrx_word' id='word_1_250' title='bbox 1188 4170 1317 4234; x_wconf 87' lang='lat' dir='ltr'><strong>vocales</strong></span> <span class='ocrx_word' id='word_1_251' title='bbox 1347 4167 1480 4248; x_wconf 75' lang='lat' dir='ltr'><strong>prothe&#39;</strong></span> 
     </span>
     <span class='ocr_line' id='line_1_35' title="bbox 340 4263 1474 4350; baseline -0.005 -18"><span class='ocrx_word' id='word_1_252' title='bbox 340 4268 430 4336; x_wconf 85' lang='lat' dir='ltr'><strong>ticae</strong></span> <span class='ocrx_word' id='word_1_253' title='bbox 463 4274 647 4336; x_wconf 89' lang='lat' dir='ltr'><strong>nascuntur.</strong></span> <span class='ocrx_word' id='word_1_254' title='bbox 698 4267 790 4346; x_wconf 82' lang='lat' dir='ltr'><strong>Quod</strong></span> <span class='ocrx_word' id='word_1_255' title='bbox 823 4270 849 4335; x_wconf 93' lang='lat' dir='ltr'><strong>si</strong></span> <span class='ocrx_word' id='word_1_256' title='bbox 883 4269 932 4350; x_wconf 89' lang='lat' dir='ltr'><strong>fit,</strong></span> <span class='ocrx_word' id='word_1_257' title='bbox 966 4274 1042 4332; x_wconf 89' lang='lat' dir='ltr'><strong>ante</strong></span> <span class='ocrx_word' id='word_1_258' title='bbox 1074 4266 1241 4332; x_wconf 90' lang='lat' dir='ltr'><strong>continuas</strong></span> <span class='ocrx_word' id='word_1_259' title='bbox 1273 4263 1474 4343; x_wconf 86' lang='lat' dir='ltr'><strong>maximeque</strong></span> 
     </span>
    </p>
   </div>
   <div class='ocr_carea' id='block_1_6' title="bbox 0 0 1792 5334">
    <p class='ocr_par' dir='ltr' id='par_1_8' title="bbox 0 0 1792 5334">
     <span class='ocr_line' id='line_1_36' title="bbox 0 0 1792 5334; baseline 0 0"><span class='ocrx_word' id='word_1_260' title='bbox 0 0 1792 5334; x_wconf 95' lang='lat' dir='ltr'><strong> </strong></span> 
     </span>
    </p>
   </div>
  </div>
 </body>
</html>
