<?xml version="1.0" encoding="UTF-8"?>
<!DOCTYPE html PUBLIC "-//W3C//DTD XHTML 1.0 Transitional//EN"
    "http://www.w3.org/TR/xhtml1/DTD/xhtml1-transitional.dtd">
<html xmlns="http://www.w3.org/1999/xhtml" xml:lang="en" lang="en">
 <head>
  <title>
</title>
<meta http-equiv="Content-Type" content="text/html;charset=utf-8" />
  <meta name='ocr-system' content='tesseract 3.04.00' />
  <meta name='ocr-capabilities' content='ocr_page ocr_carea ocr_par ocr_line ocrx_word'/>
</head>
<body>
  <div class='ocr_page' id='page_1' title='image "./studienzurgriec00curtgoog_0266.png"; bbox 0 0 3575 5334; ppageno 0'>
   <div class='ocr_carea' id='block_1_1' title="bbox 412 669 1025 729">
    <p class='ocr_par' dir='ltr' id='par_1_1' title="bbox 412 669 1025 729">
     <span class='ocr_line' id='line_1_1' title="bbox 412 669 1025 729; baseline -0.01 0"><span class='ocrx_word' id='word_1_1' title='bbox 412 669 477 729; x_wconf 79' lang='lat'>256</span> <span class='ocrx_word' id='word_1_2' title='bbox 936 669 1025 725; x_wconf 88' lang='lat' dir='ltr'>Cauer</span> 
     </span>
    </p>
   </div>
   <div class='ocr_carea' id='block_1_2' title="bbox 415 842 1597 4334">
    <p class='ocr_par' dir='ltr' id='par_1_2' title="bbox 415 842 1550 1023">
     <span class='ocr_line' id='line_1_2' title="bbox 501 842 1550 926; baseline 0.002 -19"><span class='ocrx_word' id='word_1_3' title='bbox 501 865 589 923; x_wconf 83' lang='grc' dir='ltr'><strong><em>χειρ</em></strong></span> <span class='ocrx_word' id='word_1_4' title='bbox 621 842 730 924; x_wconf 78' lang='lat' dir='ltr'>stirpis</span> <span class='ocrx_word' id='word_1_5' title='bbox 759 860 817 923; x_wconf 88' lang='lat' dir='ltr'>per</span> <span class='ocrx_word' id='word_1_6' title='bbox 840 843 866 905; x_wconf 87' lang='grc' dir='ltr'>Ε</span> <span class='ocrx_word' id='word_1_7' title='bbox 889 842 1027 924; x_wconf 77' lang='lat' dir='ltr'>scriptae</span> <span class='ocrx_word' id='word_1_8' title='bbox 1056 845 1206 926; x_wconf 84' lang='lat' dir='ltr'>exempla</span> <span class='ocrx_word' id='word_1_9' title='bbox 1231 849 1362 909; x_wconf 82' lang='lat' dir='ltr'>exstant</span> <span class='ocrx_word' id='word_1_10' title='bbox 1384 843 1418 907; x_wconf 93' lang='lat' dir='ltr'>in</span> <span class='ocrx_word' id='word_1_11' title='bbox 1442 844 1550 926; x_wconf 84' lang='lat' dir='ltr'>verbis</span> 
     </span>
     <span class='ocr_line' id='line_1_3' title="bbox 415 939 1211 1023; baseline 0 -18"><span class='ocrx_word' id='word_1_12' title='bbox 415 939 626 1023; x_wconf 79' lang='grc' dir='ltr'><strong><em>διαχειρίζειν</em></strong></span> <span class='ocrx_word' id='word_1_13' title='bbox 650 940 737 1020; x_wconf 79' lang='grc' dir='ltr'>32Α,</span> <span class='ocrx_word' id='word_1_14' title='bbox 762 951 791 1000; x_wconf 83' lang='grc'>19</span> <span class='ocrx_word' id='word_1_15' title='bbox 813 947 845 1003; x_wconf 92' lang='lat' dir='ltr'>et</span> <span class='ocrx_word' id='word_1_16' title='bbox 866 948 1065 1020; x_wconf 78' lang='grc' dir='ltr'><strong><em>χειροτονεῖν</em></strong></span> <span class='ocrx_word' id='word_1_17' title='bbox 1089 945 1127 1004; x_wconf 86' lang='grc'>37</span> <span class='ocrx_word' id='word_1_18' title='bbox 1137 961 1164 1022; x_wconf 87' lang='grc' dir='ltr'>ο,</span> <span class='ocrx_word' id='word_1_19' title='bbox 1187 952 1211 1005; x_wconf 81' lang='lat' dir='ltr'>l.</span> 
     </span>
    </p>

    <p class='ocr_par' dir='ltr' id='par_1_3' title="bbox 416 1037 1550 1414">
     <span class='ocr_line' id='line_1_4' title="bbox 502 1037 1549 1121; baseline 0.003 -20"><span class='ocrx_word' id='word_1_20' title='bbox 502 1039 536 1101; x_wconf 94' lang='lat' dir='ltr'>in</span> <span class='ocrx_word' id='word_1_21' title='bbox 564 1037 615 1101; x_wconf 91' lang='lat' dir='ltr'>his</span> <span class='ocrx_word' id='word_1_22' title='bbox 643 1037 808 1101; x_wconf 88' lang='lat' dir='ltr'>vocabulis</span> <span class='ocrx_word' id='word_1_23' title='bbox 837 1037 1002 1120; x_wconf 85' lang='lat' dir='ltr'>complura</span> <span class='ocrx_word' id='word_1_24' title='bbox 1033 1057 1120 1119; x_wconf 90' lang='lat' dir='ltr'>esse,</span> <span class='ocrx_word' id='word_1_25' title='bbox 1154 1039 1188 1102; x_wconf 93' lang='lat' dir='ltr'>in</span> <span class='ocrx_word' id='word_1_26' title='bbox 1218 1039 1333 1121; x_wconf 90' lang='lat' dir='ltr'>quihus</span> <span class='ocrx_word' id='word_1_27' title='bbox 1361 1038 1549 1121; x_wconf 88' lang='lat' dir='ltr'>posterioris</span> 
     </span>
     <span class='ocr_line' id='line_1_5' title="bbox 417 1132 1550 1217; baseline 0.001 -17"><span class='ocrx_word' id='word_1_28' title='bbox 417 1136 532 1200; x_wconf 88' lang='lat' dir='ltr'>aetatis</span> <span class='ocrx_word' id='word_1_29' title='bbox 564 1133 722 1217; x_wconf 88' lang='lat' dir='ltr'>scriptura</span> <span class='ocrx_word' id='word_1_30' title='bbox 751 1154 809 1217; x_wconf 90' lang='lat' dir='ltr'>per·</span> <span class='ocrx_word' id='word_1_31' title='bbox 838 1132 874 1197; x_wconf 86' lang='grc' dir='ltr'>ΕΙ</span> <span class='ocrx_word' id='word_1_32' title='bbox 905 1135 969 1199; x_wconf 90' lang='lat' dir='ltr'>iam</span> <span class='ocrx_word' id='word_1_33' title='bbox 1001 1141 1076 1201; x_wconf 92' lang='lat' dir='ltr'>ante</span> <span class='ocrx_word' id='word_1_34' title='bbox 1106 1135 1273 1201; x_wconf 79' lang='lat' dir='ltr'><strong>Euclidem</strong></span> <span class='ocrx_word' id='word_1_35' title='bbox 1305 1135 1469 1203; x_wconf 89' lang='lat' dir='ltr'>interdum</span> <span class='ocrx_word' id='word_1_36' title='bbox 1503 1157 1550 1202; x_wconf 92' lang='lat' dir='ltr'>re·</span> 
     </span>
     <span class='ocr_line' id='line_1_6' title="bbox 416 1233 1548 1318; baseline 0.001 -21"><span class='ocrx_word' id='word_1_37' title='bbox 416 1233 566 1317; x_wconf 84' lang='lat' dir='ltr'>periatur,</span> <span class='ocrx_word' id='word_1_38' title='bbox 591 1252 688 1314; x_wconf 89' lang='lat' dir='ltr'>supra</span> <span class='ocrx_word' id='word_1_39' title='bbox 710 1235 753 1315; x_wconf 90' lang='lat' dir='ltr'>(p.</span> <span class='ocrx_word' id='word_1_40' title='bbox 771 1234 832 1296; x_wconf 82' lang='lat'>230</span> <span class='ocrx_word' id='word_1_41' title='bbox 848 1238 909 1313; x_wconf 84' lang='lat' dir='ltr'>sq.)</span> <span class='ocrx_word' id='word_1_42' title='bbox 925 1234 1181 1314; x_wconf 84' lang='lat' dir='ltr'>commemoravi,</span> <span class='ocrx_word' id='word_1_43' title='bbox 1206 1234 1259 1299; x_wconf 92' lang='lat' dir='ltr'>uhi</span> <span class='ocrx_word' id='word_1_44' title='bbox 1279 1235 1442 1318; x_wconf 87' lang='lat' dir='ltr'>exempla,</span> <span class='ocrx_word' id='word_1_45' title='bbox 1466 1253 1548 1315; x_wconf 90' lang='lat' dir='ltr'>quae</span> 
     </span>
     <span class='ocr_line' id='line_1_7' title="bbox 416 1329 1068 1414; baseline -0.005 -18"><span class='ocrx_word' id='word_1_46' title='bbox 416 1331 478 1396; x_wconf 93' lang='lat' dir='ltr'>huc</span> <span class='ocrx_word' id='word_1_47' title='bbox 500 1330 670 1414; x_wconf 81' lang='lat' dir='ltr'>pertinent,</span> <span class='ocrx_word' id='word_1_48' title='bbox 694 1329 802 1393; x_wconf 90' lang='lat' dir='ltr'>omnia</span> <span class='ocrx_word' id='word_1_49' title='bbox 825 1330 962 1394; x_wconf 88' lang='lat' dir='ltr'>collecta</span> <span class='ocrx_word' id='word_1_50' title='bbox 984 1337 1068 1393; x_wconf 89' lang='lat' dir='ltr'>sunt.</span> 
     </span>
    </p>

    <p class='ocr_par' dir='ltr' id='par_1_4' title="bbox 416 1426 1549 1883">
     <span class='ocr_line' id='line_1_8' title="bbox 501 1426 1548 1512; baseline 0 -19"><span class='ocrx_word' id='word_1_51' title='bbox 501 1427 660 1493; x_wconf 88' lang='lat' dir='ltr'>nonnulla</span> <span class='ocrx_word' id='word_1_52' title='bbox 676 1426 826 1507; x_wconf 80' lang='lat' dir='ltr'>exempla</span> <span class='ocrx_word' id='word_1_53' title='bbox 848 1450 877 1489; x_wconf 91' lang='grc' dir='ltr'>ει</span> <span class='ocrx_word' id='word_1_54' title='bbox 899 1426 1092 1509; x_wconf 82' lang='lat' dir='ltr'>diphthongi</span> <span class='ocrx_word' id='word_1_55' title='bbox 1114 1427 1325 1509; x_wconf 88' lang='lat' dir='ltr'>productione</span> <span class='ocrx_word' id='word_1_56' title='bbox 1347 1430 1548 1512; x_wconf 89' lang='lat' dir='ltr'>suppletoria</span> 
     </span>
     <span class='ocr_line' id='line_1_9' title="bbox 416 1523 1548 1607; baseline -0.002 -16"><span class='ocrx_word' id='word_1_57' title='bbox 416 1527 521 1591; x_wconf 90' lang='lat' dir='ltr'>factae</span> <span class='ocrx_word' id='word_1_58' title='bbox 544 1526 678 1607; x_wconf 83' lang='lat' dir='ltr'>praebet</span> <span class='ocrx_word' id='word_1_59' title='bbox 694 1524 790 1589; x_wconf 88' lang='lat' dir='ltr'>etiam</span> <span class='ocrx_word' id='word_1_60' title='bbox 814 1523 1129 1606; x_wconf 82' lang='lat' dir='ltr'>participiorum</span> <span class='ocrx_word' id='word_1_61' title='bbox 1146 1524 1329 1604; x_wconf 78' lang='lat' dir='ltr'>declinatio,</span> <span class='ocrx_word' id='word_1_62' title='bbox 1353 1532 1388 1589; x_wconf 94' lang='lat' dir='ltr'>ut</span> <span class='ocrx_word' id='word_1_63' title='bbox 1409 1529 1548 1590; x_wconf 69' lang='grc' dir='ltr'><strong><em>τιθεῖσα</em></strong></span> 
     </span>
     <span class='ocr_line' id='line_1_10' title="bbox 417 1620 1549 1706; baseline 0.001 -18"><span class='ocrx_word' id='word_1_64' title='bbox 417 1624 514 1701; x_wconf 93' lang='lat' dir='ltr'>illud,</span> <span class='ocrx_word' id='word_1_65' title='bbox 547 1642 609 1703; x_wconf 94' lang='lat' dir='ltr'>quo</span> <span class='ocrx_word' id='word_1_66' title='bbox 633 1622 835 1703; x_wconf 87' lang='lat' dir='ltr'>Brugmanus</span> <span class='ocrx_word' id='word_1_67' title='bbox 864 1620 993 1703; x_wconf 89' lang='lat' dir='ltr'>saepius</span> <span class='ocrx_word' id='word_1_68' title='bbox 1020 1621 1126 1685; x_wconf 88' lang='lat' dir='ltr'>utitur.</span> <span class='ocrx_word' id='word_1_69' title='bbox 1171 1642 1272 1704; x_wconf 91' lang='lat' dir='ltr'>equo</span> <span class='ocrx_word' id='word_1_70' title='bbox 1295 1628 1405 1688; x_wconf 92' lang='lat' dir='ltr'>tamen</span> <span class='ocrx_word' id='word_1_71' title='bbox 1428 1643 1549 1706; x_wconf 84' lang='lat' dir='ltr'>genere</span> 
     </span>
     <span class='ocr_line' id='line_1_11' title="bbox 417 1716 1548 1803; baseline 0 -17"><span class='ocrx_word' id='word_1_72' title='bbox 417 1729 451 1786; x_wconf 91' lang='lat' dir='ltr'>ut</span> <span class='ocrx_word' id='word_1_73' title='bbox 480 1721 512 1783; x_wconf 93' lang='lat' dir='ltr'>in</span> <span class='ocrx_word' id='word_1_74' title='bbox 542 1719 620 1800; x_wconf 90' lang='lat' dir='ltr'>ipsis</span> <span class='ocrx_word' id='word_1_75' title='bbox 648 1719 748 1783; x_wconf 88' lang='lat' dir='ltr'>titulis</span> <span class='ocrx_word' id='word_1_76' title='bbox 777 1716 890 1782; x_wconf 89' lang='lat' dir='ltr'>Atticis</span> <span class='ocrx_word' id='word_1_77' title='bbox 920 1719 1042 1782; x_wconf 94' lang='lat' dir='ltr'>nullum</span> <span class='ocrx_word' id='word_1_78' title='bbox 1071 1720 1253 1803; x_wconf 81' lang='lat' dir='ltr'>exemplum</span> <span class='ocrx_word' id='word_1_79' title='bbox 1282 1726 1442 1800; x_wconf 84' lang='lat' dir='ltr'>exstaret,</span> <span class='ocrx_word' id='word_1_80' title='bbox 1474 1741 1548 1786; x_wconf 90' lang='lat' dir='ltr'>casu</span> 
     </span>
     <span class='ocr_line' id='line_1_12' title="bbox 416 1815 767 1883; baseline -0.014 0"><span class='ocrx_word' id='word_1_81' title='bbox 416 1818 545 1883; x_wconf 88' lang='lat' dir='ltr'>fortuito</span> <span class='ocrx_word' id='word_1_82' title='bbox 568 1815 687 1881; x_wconf 89' lang='lat' dir='ltr'>factum</span> <span class='ocrx_word' id='word_1_83' title='bbox 710 1822 767 1880; x_wconf 91' lang='lat' dir='ltr'>est.</span> 
     </span>
    </p>

    <p class='ocr_par' dir='ltr' id='par_1_5' title="bbox 417 1913 1550 2189">
     <span class='ocr_line' id='line_1_13' title="bbox 503 1913 1549 1999; baseline 0.002 -20"><span class='ocrx_word' id='word_1_84' title='bbox 503 1920 626 1979; x_wconf 86' lang='lat' dir='ltr'>restant</span> <span class='ocrx_word' id='word_1_85' title='bbox 648 1914 710 1976; x_wconf 91' lang='lat' dir='ltr'>duo</span> <span class='ocrx_word' id='word_1_86' title='bbox 734 1913 899 1994; x_wconf 83' lang='lat' dir='ltr'>exempla,</span> <span class='ocrx_word' id='word_1_87' title='bbox 928 1913 962 1977; x_wconf 94' lang='lat' dir='ltr'>in</span> <span class='ocrx_word' id='word_1_88' title='bbox 992 1913 1106 1995; x_wconf 90' lang='lat' dir='ltr'>quibus</span> <span class='ocrx_word' id='word_1_89' title='bbox 1135 1913 1300 1996; x_wconf 87' lang='lat' dir='ltr'>productio</span> <span class='ocrx_word' id='word_1_90' title='bbox 1323 1936 1388 1979; x_wconf 92' lang='lat' dir='ltr'>uon</span> <span class='ocrx_word' id='word_1_91' title='bbox 1419 1917 1549 1999; x_wconf 90' lang='lat' dir='ltr'>supple-</span> 
     </span>
     <span class='ocr_line' id='line_1_14' title="bbox 417 2009 1550 2079; baseline 0.001 -2"><span class='ocrx_word' id='word_1_92' title='bbox 417 2012 500 2077; x_wconf 90' lang='lat' dir='ltr'>toria</span> <span class='ocrx_word' id='word_1_93' title='bbox 533 2012 618 2076; x_wconf 88' lang='lat' dir='ltr'>lacta</span> <span class='ocrx_word' id='word_1_94' title='bbox 651 2029 721 2075; x_wconf 89' lang='lat' dir='ltr'>esse</span> <span class='ocrx_word' id='word_1_95' title='bbox 754 2009 880 2074; x_wconf 89' lang='lat' dir='ltr'>videtur</span> <span class='ocrx_word' id='word_1_96' title='bbox 910 2016 986 2075; x_wconf 89' lang='lat' dir='ltr'>ante</span> <span class='ocrx_word' id='word_1_97' title='bbox 1017 2009 1131 2075; x_wconf 86' lang='lat' dir='ltr'>suffixa</span> <span class='ocrx_word' id='word_1_98' title='bbox 1167 2012 1258 2077; x_wconf 90' lang='lat' dir='ltr'>novis</span> <span class='ocrx_word' id='word_1_99' title='bbox 1288 2014 1456 2079; x_wconf 83' lang='lat' dir='ltr'>vocabulis</span> <span class='ocrx_word' id='word_1_100' title='bbox 1492 2016 1550 2079; x_wconf 90' lang='lat' dir='ltr'>tor-</span> 
     </span>
     <span class='ocr_line' id='line_1_15' title="bbox 418 2106 1506 2189; baseline 0.001 -15"><span class='ocrx_word' id='word_1_101' title='bbox 418 2109 544 2175; x_wconf 87' lang='lat' dir='ltr'>mandis</span> <span class='ocrx_word' id='word_1_102' title='bbox 568 2108 729 2189; x_wconf 77' lang='lat' dir='ltr'>adhibita3</span> <span class='ocrx_word' id='word_1_103' title='bbox 756 2106 814 2172; x_wconf 91' lang='lat' dir='ltr'>sed</span> <span class='ocrx_word' id='word_1_104' title='bbox 837 2106 1002 2189; x_wconf 87' lang='lat' dir='ltr'>utriusque</span> <span class='ocrx_word' id='word_1_105' title='bbox 1024 2108 1195 2172; x_wconf 87' lang='lat' dir='ltr'>admodum</span> <span class='ocrx_word' id='word_1_106' title='bbox 1221 2108 1319 2174; x_wconf 89' lang='lat' dir='ltr'>dubia</span> <span class='ocrx_word' id='word_1_107' title='bbox 1342 2117 1391 2177; x_wconf 89' lang='lat' dir='ltr'>est</span> <span class='ocrx_word' id='word_1_108' title='bbox 1414 2112 1506 2175; x_wconf 89' lang='lat' dir='ltr'>ratio.</span> 
     </span>
    </p>

    <p class='ocr_par' dir='ltr' id='par_1_6' title="bbox 416 2203 1597 2584">
     <span class='ocr_line' id='line_1_16' title="bbox 502 2203 1597 2291; baseline 0.005 -20"><span class='ocrx_word' id='word_1_109' title='bbox 502 2203 707 2280; x_wconf 74' lang='grc' dir='ltr'><strong><em>τεθεικώς</em></strong></span> <span class='ocrx_word' id='word_1_110' title='bbox 733 2207 781 2284; x_wconf 82' lang='grc'>19,</span> <span class='ocrx_word' id='word_1_111' title='bbox 804 2216 835 2285; x_wconf 83' lang='lat'>2,</span> <span class='ocrx_word' id='word_1_112' title='bbox 865 2203 950 2284; x_wconf 90' lang='lat' dir='ltr'>quod</span> <span class='ocrx_word' id='word_1_113' title='bbox 978 2225 1108 2286; x_wconf 87' lang='lat' dir='ltr'>prorsus</span> <span class='ocrx_word' id='word_1_114' title='bbox 1130 2207 1245 2270; x_wconf 91' lang='lat' dir='ltr'>miram</span> <span class='ocrx_word' id='word_1_115' title='bbox 1269 2208 1404 2290; x_wconf 92' lang='lat' dir='ltr'>praebet</span> <span class='ocrx_word' id='word_1_116' title='bbox 1433 2208 1549 2291; x_wconf 88' lang='lat' dir='ltr'>produ·</span> <span class='ocrx_word' id='word_1_117' title='bbox 1586 2246 1597 2277; x_wconf 75' lang='grc' dir='ltr'>ι</span> 
     </span>
     <span class='ocr_line' id='line_1_17' title="bbox 416 2301 1548 2385; baseline 0.002 -16"><span class='ocrx_word' id='word_1_118' title='bbox 416 2305 555 2370; x_wconf 89' lang='lat' dir='ltr'>ctionem</span> <span class='ocrx_word' id='word_1_119' title='bbox 587 2328 601 2368; x_wconf 87' lang='grc' dir='ltr'><strong><em>ε</em></strong></span> <span class='ocrx_word' id='word_1_120' title='bbox 630 2302 752 2367; x_wconf 89' lang='lat' dir='ltr'>vocalis</span> <span class='ocrx_word' id='word_1_121' title='bbox 774 2301 807 2365; x_wconf 94' lang='lat' dir='ltr'>in</span> <span class='ocrx_word' id='word_1_122' title='bbox 837 2325 884 2378; x_wconf 85' lang='grc' dir='ltr'>ει,</span> <span class='ocrx_word' id='word_1_123' title='bbox 915 2321 979 2365; x_wconf 93' lang='lat' dir='ltr'>non</span> <span class='ocrx_word' id='word_1_124' title='bbox 1002 2327 1021 2385; x_wconf 87' lang='lat' dir='ltr'>q</span> <span class='ocrx_word' id='word_1_125' title='bbox 1044 2303 1171 2367; x_wconf 87' lang='lat' dir='ltr'>laetam.</span> <span class='ocrx_word' id='word_1_126' title='bbox 1216 2304 1305 2370; x_wconf 88' lang='lat' dir='ltr'>cuius</span> <span class='ocrx_word' id='word_1_127' title='bbox 1334 2306 1382 2370; x_wconf 89' lang='lat' dir='ltr'>rei</span> <span class='ocrx_word' id='word_1_128' title='bbox 1413 2306 1548 2371; x_wconf 88' lang='lat' dir='ltr'>fortasse</span> 
     </span>
     <span class='ocr_line' id='line_1_18' title="bbox 416 2397 1549 2485; baseline 0.001 -18"><span class='ocrx_word' id='word_1_129' title='bbox 416 2401 592 2467; x_wconf 85' lang='lat' dir='ltr'>similitudo</span> <span class='ocrx_word' id='word_1_130' title='bbox 616 2397 686 2465; x_wconf 79' lang='grc' dir='ltr'><strong><em>εἷκα</em></strong></span> <span class='ocrx_word' id='word_1_131' title='bbox 708 2399 857 2482; x_wconf 87' lang='lat' dir='ltr'>perfecti,</span> <span class='ocrx_word' id='word_1_132' title='bbox 887 2399 920 2462; x_wconf 93' lang='lat' dir='ltr'>in</span> <span class='ocrx_word' id='word_1_133' title='bbox 944 2418 1006 2481; x_wconf 94' lang='lat' dir='ltr'>quo</span> <span class='ocrx_word' id='word_1_134' title='bbox 1030 2423 1058 2462; x_wconf 91' lang='grc' dir='ltr'>ει</span> <span class='ocrx_word' id='word_1_135' title='bbox 1087 2419 1145 2483; x_wconf 93' lang='lat' dir='ltr'>per</span> <span class='ocrx_word' id='word_1_136' title='bbox 1166 2400 1456 2485; x_wconf 85' lang='lat' dir='ltr'>reduplicationem</span> <span class='ocrx_word' id='word_1_137' title='bbox 1481 2410 1549 2468; x_wconf 88' lang='lat' dir='ltr'>orta</span> 
     </span>
     <span class='ocr_line' id='line_1_19' title="bbox 417 2497 1312 2584; baseline -0.006 -18"><span class='ocrx_word' id='word_1_138' title='bbox 417 2506 478 2584; x_wconf 90' lang='lat' dir='ltr'>est,</span> <span class='ocrx_word' id='word_1_139' title='bbox 502 2520 600 2565; x_wconf 91' lang='lat' dir='ltr'>causa</span> <span class='ocrx_word' id='word_1_140' title='bbox 622 2497 691 2561; x_wconf 87' lang='lat' dir='ltr'>fuit.</span> <span class='ocrx_word' id='word_1_141' title='bbox 1083 2572 1086 2579; x_wconf 94' lang='lat'><em>.</em></span> <span class='ocrx_word' id='word_1_142' title='bbox 1308 2566 1312 2575; x_wconf 66' lang='grc'><strong><em>,</em></strong></span> 
     </span>
    </p>

    <p class='ocr_par' dir='ltr' id='par_1_7' title="bbox 416 2594 1554 4334">
     <span class='ocr_line' id='line_1_20' title="bbox 502 2594 1545 2678; baseline -0.004 -18"><span class='ocrx_word' id='word_1_143' title='bbox 502 2594 662 2669; x_wconf 78' lang='grc' dir='ltr'><strong><em>ἐκεῖνος</em></strong></span> <span class='ocrx_word' id='word_1_144' title='bbox 698 2599 727 2674; x_wconf 82' lang='lat' dir='ltr'>e,</span> <span class='ocrx_word' id='word_1_145' title='bbox 750 2607 789 2659; x_wconf 84' lang='grc'>34.</span> <span class='ocrx_word' id='word_1_146' title='bbox 824 2600 900 2675; x_wconf 78' lang='lat'>470,</span> <span class='ocrx_word' id='word_1_147' title='bbox 929 2608 954 2659; x_wconf 84' lang='lat'>5.</span> <span class='ocrx_word' id='word_1_148' title='bbox 995 2606 1068 2675; x_wconf 82' lang='lat' dir='ltr'>e,2</span> <span class='ocrx_word' id='word_1_149' title='bbox 1100 2613 1158 2678; x_wconf 91' lang='lat' dir='ltr'>per</span> <span class='ocrx_word' id='word_1_150' title='bbox 1189 2595 1215 2657; x_wconf 86' lang='grc' dir='ltr'>Ε</span> <span class='ocrx_word' id='word_1_151' title='bbox 1243 2596 1397 2678; x_wconf 90' lang='lat' dir='ltr'>scriptum</span> <span class='ocrx_word' id='word_1_152' title='bbox 1431 2604 1545 2663; x_wconf 87' lang='lat' dir='ltr'>exstat.</span> 
     </span>
     <span class='ocr_line' id='line_1_21' title="bbox 416 2691 1546 2777; baseline 0.001 -20"><span class='ocrx_word' id='word_1_153' title='bbox 416 2694 477 2758; x_wconf 88' lang='lat' dir='ltr'>hoc</span> <span class='ocrx_word' id='word_1_154' title='bbox 507 2712 683 2775; x_wconf 90' lang='lat' dir='ltr'>pronomen</span> <span class='ocrx_word' id='word_1_155' title='bbox 706 2693 845 2757; x_wconf 91' lang='lat' dir='ltr'>dubitari</span> <span class='ocrx_word' id='word_1_156' title='bbox 867 2692 978 2774; x_wconf 91' lang='lat' dir='ltr'>nequit</span> <span class='ocrx_word' id='word_1_157' title='bbox 1000 2692 1077 2773; x_wconf 93' lang='lat' dir='ltr'>quin</span> <span class='ocrx_word' id='word_1_158' title='bbox 1099 2691 1141 2757; x_wconf 93' lang='lat' dir='ltr'>de</span> <span class='ocrx_word' id='word_1_159' title='bbox 1163 2691 1277 2757; x_wconf 89' lang='lat' dir='ltr'>cadem</span> <span class='ocrx_word' id='word_1_160' title='bbox 1299 2694 1400 2777; x_wconf 87' lang='lat' dir='ltr'>stirpe</span> <span class='ocrx_word' id='word_1_161' title='bbox 1423 2694 1546 2760; x_wconf 85' lang='lat' dir='ltr'>deriva-</span> 
     </span>
     <span class='ocr_line' id='line_1_22' title="bbox 416 2787 1544 2871; baseline 0.002 -18"><span class='ocrx_word' id='word_1_162' title='bbox 416 2797 483 2853; x_wconf 91' lang='lat' dir='ltr'>tum</span> <span class='ocrx_word' id='word_1_163' title='bbox 506 2791 547 2854; x_wconf 92' lang='lat' dir='ltr'>sit</span> <span class='ocrx_word' id='word_1_164' title='bbox 569 2798 665 2871; x_wconf 91' lang='lat' dir='ltr'>atque</span> <span class='ocrx_word' id='word_1_165' title='bbox 688 2787 754 2854; x_wconf 78' lang='grc' dir='ltr'><strong><em>ἐκεῖ</em></strong></span> <span class='ocrx_word' id='word_1_166' title='bbox 775 2790 974 2855; x_wconf 87' lang='lat' dir='ltr'>adverbium.</span> <span class='ocrx_word' id='word_1_167' title='bbox 1005 2789 1232 2871; x_wconf 90' lang='lat' dir='ltr'>sedquoniam</span> <span class='ocrx_word' id='word_1_168' title='bbox 1253 2790 1286 2853; x_wconf 94' lang='lat' dir='ltr'>in</span> <span class='ocrx_word' id='word_1_169' title='bbox 1310 2790 1370 2855; x_wconf 93' lang='lat' dir='ltr'>hoc</span> <span class='ocrx_word' id='word_1_170' title='bbox 1389 2792 1544 2857; x_wconf 86' lang='lat' dir='ltr'>adverbio</span> 
     </span>
     <span class='ocr_line' id='line_1_23' title="bbox 417 2886 1543 2970; baseline 0 -18"><span class='ocrx_word' id='word_1_171' title='bbox 417 2912 447 2953; x_wconf 89' lang='grc' dir='ltr'>ει</span> <span class='ocrx_word' id='word_1_172' title='bbox 476 2887 617 2970; x_wconf 88' lang='lat' dir='ltr'>genuina</span> <span class='ocrx_word' id='word_1_173' title='bbox 646 2886 704 2950; x_wconf 92' lang='lat' dir='ltr'>tuit</span> <span class='ocrx_word' id='word_1_174' title='bbox 734 2893 765 2951; x_wconf 88' lang='lat' dir='ltr'>et</span> <span class='ocrx_word' id='word_1_175' title='bbox 794 2887 828 2951; x_wconf 94' lang='lat' dir='ltr'>in</span> <span class='ocrx_word' id='word_1_176' title='bbox 857 2886 937 2970; x_wconf 91' lang='lat' dir='ltr'>ipsis</span> <span class='ocrx_word' id='word_1_177' title='bbox 965 2886 1227 2969; x_wconf 90' lang='lat' dir='ltr'>inscriptionibus</span> <span class='ocrx_word' id='word_1_178' title='bbox 1248 2887 1363 2953; x_wconf 85' lang='lat' dir='ltr'>Atticis</span> <span class='ocrx_word' id='word_1_179' title='bbox 1386 2908 1451 2953; x_wconf 90' lang='lat' dir='ltr'>une</span> <span class='ocrx_word' id='word_1_180' title='bbox 1476 2890 1543 2953; x_wconf 91' lang='lat' dir='ltr'>loco</span> 
     </span>
     <span class='ocr_line' id='line_1_24' title="bbox 417 2982 1543 3068; baseline 0.001 -20"><span class='ocrx_word' id='word_1_181' title='bbox 417 2986 492 3065; x_wconf 86' lang='lat' dir='ltr'>(lB,</span> <span class='ocrx_word' id='word_1_182' title='bbox 517 2992 557 3063; x_wconf 83' lang='lat'>30)</span> <span class='ocrx_word' id='word_1_183' title='bbox 587 2982 653 3050; x_wconf 77' lang='grc' dir='ltr'><strong><em>ἐκεῖ</em></strong></span> <span class='ocrx_word' id='word_1_184' title='bbox 674 3004 732 3067; x_wconf 90' lang='lat' dir='ltr'>per</span> <span class='ocrx_word' id='word_1_185' title='bbox 757 2982 792 3047; x_wconf 84' lang='grc' dir='ltr'>ΕΙ</span> <span class='ocrx_word' id='word_1_186' title='bbox 817 2984 969 3066; x_wconf 89' lang='lat' dir='ltr'>scriptum</span> <span class='ocrx_word' id='word_1_187' title='bbox 993 2991 1113 3064; x_wconf 81' lang='lat' dir='ltr'>exstat,</span> <span class='ocrx_word' id='word_1_188' title='bbox 1144 2984 1301 3049; x_wconf 85' lang='lat' dir='ltr'>dubitatio</span> <span class='ocrx_word' id='word_1_189' title='bbox 1329 2986 1439 3068; x_wconf 85' lang='lat' dir='ltr'>oritur,</span> <span class='ocrx_word' id='word_1_190' title='bbox 1471 3006 1543 3051; x_wconf 92' lang='lat' dir='ltr'>uum</span> 
     </span>
     <span class='ocr_line' id='line_1_25' title="bbox 417 3079 1542 3165; baseline 0 -18"><span class='ocrx_word' id='word_1_191' title='bbox 417 3081 539 3159; x_wconf 77' lang='grc' dir='ltr'><strong><em>ἐκεῖνος</em></strong></span> <span class='ocrx_word' id='word_1_192' title='bbox 569 3084 610 3149; x_wconf 90' lang='lat' dir='ltr'>de</span> <span class='ocrx_word' id='word_1_193' title='bbox 639 3083 710 3165; x_wconf 90' lang='lat' dir='ltr'>ipsa</span> <span class='ocrx_word' id='word_1_194' title='bbox 739 3083 797 3145; x_wconf 91' lang='lat' dir='ltr'>illa</span> <span class='ocrx_word' id='word_1_195' title='bbox 819 3081 922 3145; x_wconf 86' lang='lat' dir='ltr'>forma</span> <span class='ocrx_word' id='word_1_196' title='bbox 945 3079 1011 3146; x_wconf 79' lang='grc' dir='ltr'><strong><em>ἐκεῖ</em></strong></span> <span class='ocrx_word' id='word_1_197' title='bbox 1033 3080 1212 3145; x_wconf 89' lang='lat' dir='ltr'>derivatum</span> <span class='ocrx_word' id='word_1_198' title='bbox 1235 3081 1286 3147; x_wconf 90' lang='lat' dir='ltr'>sit.</span> <span class='ocrx_word' id='word_1_199' title='bbox 1327 3083 1390 3148; x_wconf 89' lang='lat' dir='ltr'>huo</span> <span class='ocrx_word' id='word_1_200' title='bbox 1412 3084 1542 3163; x_wconf 78' lang='lat' dir='ltr'>accedit,</span> 
     </span>
     <span class='ocr_line' id='line_1_26' title="bbox 417 3177 1543 3263; baseline -0.002 -18"><span class='ocrx_word' id='word_1_201' title='bbox 417 3181 502 3262; x_wconf 94' lang='lat' dir='ltr'>quod</span> <span class='ocrx_word' id='word_1_202' title='bbox 526 3187 557 3245; x_wconf 95' lang='lat' dir='ltr'>et</span> <span class='ocrx_word' id='word_1_203' title='bbox 579 3182 613 3244; x_wconf 93' lang='lat' dir='ltr'>in</span> <span class='ocrx_word' id='word_1_204' title='bbox 628 3180 761 3256; x_wconf 87' lang='lat' dir='ltr'>Aeolica</span> <span class='ocrx_word' id='word_1_205' title='bbox 783 3186 815 3244; x_wconf 92' lang='lat' dir='ltr'>et</span> <span class='ocrx_word' id='word_1_206' title='bbox 837 3180 870 3244; x_wconf 93' lang='lat' dir='ltr'>in</span> <span class='ocrx_word' id='word_1_207' title='bbox 893 3179 1053 3244; x_wconf 90' lang='lat' dir='ltr'>severiore</span> <span class='ocrx_word' id='word_1_208' title='bbox 1069 3179 1188 3243; x_wconf 90' lang='lat' dir='ltr'>Dorica</span> <span class='ocrx_word' id='word_1_209' title='bbox 1210 3177 1348 3245; x_wconf 87' lang='lat' dir='ltr'>dialecto</span> <span class='ocrx_word' id='word_1_210' title='bbox 1370 3186 1468 3263; x_wconf 83' lang='grc' dir='ltr'><strong><em>κῆνος</em></strong></span> <span class='ocrx_word' id='word_1_211' title='bbox 1490 3198 1543 3263; x_wconf 90' lang='lat' dir='ltr'>pro</span> 
     </span>
     <span class='ocr_line' id='line_1_27' title="bbox 416 3276 1543 3360; baseline -0.001 -19"><span class='ocrx_word' id='word_1_212' title='bbox 416 3281 523 3352; x_wconf 83' lang='grc' dir='ltr'><strong><em>κεῖνος</em></strong></span> <span class='ocrx_word' id='word_1_213' title='bbox 549 3276 724 3357; x_wconf 85' lang='lat' dir='ltr'>dicebatur,</span> <span class='ocrx_word' id='word_1_214' title='bbox 754 3277 844 3341; x_wconf 90' lang='lat' dir='ltr'>cuius</span> <span class='ocrx_word' id='word_1_215' title='bbox 871 3276 1021 3340; x_wconf 84' lang='lat' dir='ltr'>vocabuli</span> <span class='ocrx_word' id='word_1_216' title='bbox 1050 3300 1080 3341; x_wconf 87' lang='grc' dir='ltr'>ει</span> <span class='ocrx_word' id='word_1_217' title='bbox 1109 3276 1326 3360; x_wconf 83' lang='lat' dir='ltr'>diphthongus</span> <span class='ocrx_word' id='word_1_218' title='bbox 1349 3277 1377 3342; x_wconf 89' lang='lat' dir='ltr'>si</span> <span class='ocrx_word' id='word_1_219' title='bbox 1406 3279 1543 3359; x_wconf 88' lang='lat' dir='ltr'>genuina</span> 
     </span>
     <span class='ocr_line' id='line_1_28' title="bbox 416 3373 1542 3455; baseline 0.001 -18"><span class='ocrx_word' id='word_1_220' title='bbox 416 3376 542 3455; x_wconf 86' lang='lat' dir='ltr'>luisset,</span> <span class='ocrx_word' id='word_1_221' title='bbox 578 3376 674 3438; x_wconf 87' lang='lat' dir='ltr'>etiam</span> <span class='ocrx_word' id='word_1_222' title='bbox 703 3375 737 3437; x_wconf 93' lang='lat' dir='ltr'>in</span> <span class='ocrx_word' id='word_1_223' title='bbox 766 3374 832 3438; x_wconf 90' lang='lat' dir='ltr'>illis</span> <span class='ocrx_word' id='word_1_224' title='bbox 855 3373 1003 3438; x_wconf 90' lang='lat' dir='ltr'>dialectis</span> <span class='ocrx_word' id='word_1_225' title='bbox 1026 3381 1155 3439; x_wconf 87' lang='lat' dir='ltr'>servata</span> <span class='ocrx_word' id='word_1_226' title='bbox 1177 3382 1270 3438; x_wconf 89' lang='lat' dir='ltr'>essct.</span> <span class='ocrx_word' id='word_1_227' title='bbox 1314 3374 1542 3441; x_wconf 90' lang='lat' dir='ltr'>Ahrensius</span> 
     </span>
     <span class='ocr_line' id='line_1_29' title="bbox 417 3468 1541 3554; baseline 0.001 -21"><span class='ocrx_word' id='word_1_228' title='bbox 417 3470 555 3551; x_wconf 90' lang='lat' dir='ltr'>quidem,</span> <span class='ocrx_word' id='word_1_229' title='bbox 580 3472 852 3536; x_wconf 81' lang='lat' dir='ltr'>cuius&#39;accuratae</span> <span class='ocrx_word' id='word_1_230' title='bbox 870 3468 910 3533; x_wconf 93' lang='lat' dir='ltr'>de</span> <span class='ocrx_word' id='word_1_231' title='bbox 933 3469 994 3534; x_wconf 93' lang='lat' dir='ltr'>hoc</span> <span class='ocrx_word' id='word_1_232' title='bbox 1016 3472 1207 3553; x_wconf 91' lang='lat' dir='ltr'>pronomine</span> <span class='ocrx_word' id='word_1_233' title='bbox 1222 3470 1435 3554; x_wconf 89' lang='lat' dir='ltr'>disputationi</span> <span class='ocrx_word' id='word_1_234' title='bbox 1458 3472 1541 3545; x_wconf 84' lang='lat' dir='ltr'>(dial.</span> 
     </span>
     <span class='ocr_line' id='line_1_30' title="bbox 417 3568 1543 3652; baseline 0.003 -22"><span class='ocrx_word' id='word_1_235' title='bbox 417 3569 507 3632; x_wconf 82' lang='lat' dir='ltr'>Aeol.</span> <span class='ocrx_word' id='word_1_236' title='bbox 537 3588 568 3648; x_wconf 91' lang='lat' dir='ltr'>p.</span> <span class='ocrx_word' id='word_1_237' title='bbox 593 3570 642 3631; x_wconf 82' lang='lat'>90.</span> <span class='ocrx_word' id='word_1_238' title='bbox 695 3570 770 3633; x_wconf 89' lang='lat' dir='ltr'>Dor.</span> <span class='ocrx_word' id='word_1_239' title='bbox 800 3590 829 3649; x_wconf 91' lang='lat' dir='ltr'>p.</span> <span class='ocrx_word' id='word_1_240' title='bbox 855 3571 915 3632; x_wconf 71' lang='lat' dir='ltr'>‘rol</span> <span class='ocrx_word' id='word_1_241' title='bbox 933 3571 1015 3649; x_wconf 85' lang='lat' dir='ltr'>sqq.)</span> <span class='ocrx_word' id='word_1_242' title='bbox 1049 3568 1129 3633; x_wconf 90' lang='lat' dir='ltr'>haec</span> <span class='ocrx_word' id='word_1_243' title='bbox 1157 3570 1265 3633; x_wconf 88' lang='lat' dir='ltr'>omnia</span> <span class='ocrx_word' id='word_1_244' title='bbox 1298 3569 1420 3652; x_wconf 92' lang='lat' dir='ltr'>debeo,</span> <span class='ocrx_word' id='word_1_245' title='bbox 1456 3570 1543 3635; x_wconf 86' lang='lat' dir='ltr'>affert</span> 
     </span>
     <span class='ocr_line' id='line_1_31' title="bbox 417 3663 1542 3748; baseline 0 -19"><span class='ocrx_word' id='word_1_246' title='bbox 417 3665 514 3729; x_wconf 89' lang='lat' dir='ltr'>etiam</span> <span class='ocrx_word' id='word_1_247' title='bbox 538 3665 640 3740; x_wconf 82' lang='lat' dir='ltr'>(Aeol.</span> <span class='ocrx_word' id='word_1_248' title='bbox 658 3668 709 3741; x_wconf 80' lang='lat'>90)</span> <span class='ocrx_word' id='word_1_249' title='bbox 733 3663 770 3748; x_wconf 79' lang='grc' dir='ltr'>κή</span> <span class='ocrx_word' id='word_1_250' title='bbox 787 3664 975 3730; x_wconf 88' lang='lat' dir='ltr'>adverbium</span> <span class='ocrx_word' id='word_1_251' title='bbox 991 3684 1011 3728; x_wconf 94' lang='lat' dir='ltr'>a</span> <span class='ocrx_word' id='word_1_252' title='bbox 1025 3665 1232 3747; x_wconf 85' lang='lat' dir='ltr'>Theognosto</span> <span class='ocrx_word' id='word_1_253' title='bbox 1255 3665 1409 3730; x_wconf 90' lang='lat' dir='ltr'>traditum</span> <span class='ocrx_word' id='word_1_254' title='bbox 1425 3665 1542 3733; x_wconf 92' lang='lat' dir='ltr'>Auecd.</span> 
     </span>
     <span class='ocr_line' id='line_1_32' title="bbox 418 3758 1543 3847; baseline 0.002 -23"><span class='ocrx_word' id='word_1_255' title='bbox 418 3758 521 3825; x_wconf 85' lang='lat' dir='ltr'>Oxou.</span> <span class='ocrx_word' id='word_1_256' title='bbox 544 3761 587 3840; x_wconf 90' lang='grc' dir='ltr'>ΙΙ,</span> <span class='ocrx_word' id='word_1_257' title='bbox 613 3765 683 3843; x_wconf 82' lang='grc'>155,</span> <span class='ocrx_word' id='word_1_258' title='bbox 710 3764 764 3826; x_wconf 79' lang='lat'>17:</span> <span class='ocrx_word' id='word_1_259' title='bbox 801 3760 843 3824; x_wconf 81' lang='lat' dir='ltr'>adr</span> <span class='ocrx_word' id='word_1_260' title='bbox 868 3759 914 3835; x_wconf 83' lang='grc' dir='ltr'>εἷς</span> <span class='ocrx_word' id='word_1_261' title='bbox 936 3784 955 3844; x_wconf 84' lang='lat' dir='ltr'>q</span> <span class='ocrx_word' id='word_1_262' title='bbox 980 3759 1119 3844; x_wconf 75' lang='grc' dir='ltr'><strong><em>λήγοντα</em></strong></span> <span class='ocrx_word' id='word_1_263' title='bbox 1148 3759 1358 3847; x_wconf 77' lang='grc' dir='ltr'><strong><em>ἐπιρρήματα</em></strong></span> <span class='ocrx_word' id='word_1_264' title='bbox 1384 3761 1543 3843; x_wconf 77' lang='grc' dir='ltr'><strong><em>μονοσύλ-</em></strong></span> 
     </span>
     <span class='ocr_line' id='line_1_33' title="bbox 417 3854 1543 3945; baseline 0.003 -27"><span class='ocrx_word' id='word_1_265' title='bbox 417 3857 502 3939; x_wconf 75' lang='grc' dir='ltr'><strong><em>λαβα</em></strong></span> <span class='ocrx_word' id='word_1_266' title='bbox 526 3856 582 3921; x_wconf 81' lang='grc' dir='ltr'><strong><em>διὰ</em></strong></span> <span class='ocrx_word' id='word_1_267' title='bbox 606 3860 664 3922; x_wconf 80' lang='grc' dir='ltr'>τοῦ</span> <span class='ocrx_word' id='word_1_268' title='bbox 688 3882 706 3943; x_wconf 84' lang='lat' dir='ltr'>q</span> <span class='ocrx_word' id='word_1_269' title='bbox 729 3857 929 3942; x_wconf 77' lang='grc' dir='ltr'><strong><em>γράφονται,</em></strong></span> <span class='ocrx_word' id='word_1_270' title='bbox 961 3856 1032 3922; x_wconf 80' lang='grc' dir='ltr'><strong><em>οἷον</em></strong></span> <span class='ocrx_word' id='word_1_271' title='bbox 1054 3858 1116 3943; x_wconf 76' lang='grc' dir='ltr'>μή,</span> <span class='ocrx_word' id='word_1_272' title='bbox 1141 3855 1195 3945; x_wconf 75' lang='grc' dir='ltr'>νή,</span> <span class='ocrx_word' id='word_1_273' title='bbox 1219 3855 1240 3942; x_wconf 76' lang='lat' dir='ltr'>r‘p&#39;</span> <span class='ocrx_word' id='word_1_274' title='bbox 1263 3854 1337 3923; x_wconf 80' lang='grc' dir='ltr'><strong><em>ἀντὶ</em></strong></span> <span class='ocrx_word' id='word_1_275' title='bbox 1359 3861 1420 3924; x_wconf 83' lang='grc' dir='ltr'>τοῦ</span> <span class='ocrx_word' id='word_1_276' title='bbox 1444 3855 1543 3938; x_wconf 82' lang='grc' dir='ltr'><strong><em>ὡς,ὃ</em></strong></span> 
     </span>
     <span class='ocr_line' id='line_1_34' title="bbox 416 3948 1543 4042; baseline 0.003 -24"><span class='ocrx_word' id='word_1_277' title='bbox 416 3952 471 4018; x_wconf 83' lang='grc' dir='ltr'>καὶ</span> <span class='ocrx_word' id='word_1_278' title='bbox 494 3952 679 4032; x_wconf 76' lang='grc' dir='ltr'><strong><em>δασύνεται,</em></strong></span> <span class='ocrx_word' id='word_1_279' title='bbox 703 3954 740 4039; x_wconf 74' lang='grc' dir='ltr'>κὴ</span> <span class='ocrx_word' id='word_1_280' title='bbox 765 3948 837 4019; x_wconf 75' lang='grc' dir='ltr'><strong><em>ἀντὶ</em></strong></span> <span class='ocrx_word' id='word_1_281' title='bbox 859 3958 918 4019; x_wconf 87' lang='grc' dir='ltr'>τοῦ</span> <span class='ocrx_word' id='word_1_282' title='bbox 935 3954 1001 4021; x_wconf 74' lang='grc' dir='ltr'><strong><em>ἐκεῖ</em></strong></span> <span class='ocrx_word' id='word_1_283' title='bbox 1022 3957 1129 4041; x_wconf 80' lang='grc' dir='ltr'><strong><em>τροπῇ</em></strong></span> <span class='ocrx_word' id='word_1_284' title='bbox 1153 3958 1212 4042; x_wconf 80' lang='grc' dir='ltr'>τῆς</span> <span class='ocrx_word' id='word_1_285' title='bbox 1236 3981 1265 4021; x_wconf 88' lang='grc' dir='ltr'>ει</span> <span class='ocrx_word' id='word_1_286' title='bbox 1288 3955 1479 4040; x_wconf 77' lang='grc' dir='ltr'><strong><em>ὄιφθόγγου</em></strong></span> <span class='ocrx_word' id='word_1_287' title='bbox 1501 3954 1543 4031; x_wconf 82' lang='grc' dir='ltr'>εἷς</span> 
     </span>
     <span class='ocr_line' id='line_1_35' title="bbox 416 4050 1554 4138; baseline 0.004 -24"><span class='ocrx_word' id='word_1_288' title='bbox 416 4075 435 4133; x_wconf 85' lang='lat' dir='ltr'>q</span> <span class='ocrx_word' id='word_1_289' title='bbox 458 4050 639 4127; x_wconf 80' lang='grc' dir='ltr'><strong><em>Αἰολικῶς.</em></strong></span> <span class='ocrx_word' id='word_1_290' title='bbox 677 4053 734 4118; x_wconf 93' lang='lat' dir='ltr'>sed</span> <span class='ocrx_word' id='word_1_291' title='bbox 757 4054 818 4117; x_wconf 89' lang='lat' dir='ltr'>hoc</span> <span class='ocrx_word' id='word_1_292' title='bbox 841 4054 912 4117; x_wconf 89' lang='lat' dir='ltr'>loco</span> <span class='ocrx_word' id='word_1_293' title='bbox 935 4059 983 4138; x_wconf 80' lang='grc' dir='ltr'>κῇ,</span> <span class='ocrx_word' id='word_1_294' title='bbox 1006 4074 1072 4118; x_wconf 95' lang='lat' dir='ltr'>non</span> <span class='ocrx_word' id='word_1_295' title='bbox 1094 4050 1131 4137; x_wconf 76' lang='grc' dir='ltr'>νή</span> <span class='ocrx_word' id='word_1_296' title='bbox 1155 4054 1361 4120; x_wconf 91' lang='lat' dir='ltr'>scribendum</span> <span class='ocrx_word' id='word_1_297' title='bbox 1384 4063 1443 4136; x_wconf 90' lang='lat' dir='ltr'>est,</span> <span class='ocrx_word' id='word_1_298' title='bbox 1467 4067 1554 4137; x_wconf 78' lang='lat' dir='ltr'>quae·</span> 
     </span>
     <span class='ocr_line' id='line_1_36' title="bbox 417 4150 1543 4233; baseline 0.004 -23"><span class='ocrx_word' id='word_1_299' title='bbox 417 4150 550 4214; x_wconf 88' lang='lat' dir='ltr'>mutatio</span> <span class='ocrx_word' id='word_1_300' title='bbox 584 4156 669 4215; x_wconf 89' lang='lat' dir='ltr'>certe</span> <span class='ocrx_word' id='word_1_301' title='bbox 697 4150 851 4214; x_wconf 88' lang='lat' dir='ltr'>facillima</span> <span class='ocrx_word' id='word_1_302' title='bbox 880 4158 943 4232; x_wconf 87' lang='lat' dir='ltr'>est,</span> <span class='ocrx_word' id='word_1_303' title='bbox 977 4151 1023 4215; x_wconf 90' lang='lat' dir='ltr'>ita</span> <span class='ocrx_word' id='word_1_304' title='bbox 1050 4158 1085 4216; x_wconf 93' lang='lat' dir='ltr'>ut</span> <span class='ocrx_word' id='word_1_305' title='bbox 1113 4153 1183 4218; x_wconf 87' lang='lat' dir='ltr'>sola</span> <span class='ocrx_word' id='word_1_306' title='bbox 1217 4150 1419 4233; x_wconf 86' lang='lat' dir='ltr'>relinquatur</span> <span class='ocrx_word' id='word_1_307' title='bbox 1448 4153 1543 4218; x_wconf 89' lang='lat' dir='ltr'>torma</span> 
     </span>
     <span class='ocr_line' id='line_1_37' title="bbox 416 4244 1542 4334; baseline 0.008 -31"><span class='ocrx_word' id='word_1_308' title='bbox 416 4244 521 4326; x_wconf 79' lang='grc' dir='ltr'><strong><em>κῆνος,</em></strong></span> <span class='ocrx_word' id='word_1_309' title='bbox 552 4246 585 4310; x_wconf 91' lang='lat' dir='ltr'>in</span> <span class='ocrx_word' id='word_1_310' title='bbox 617 4266 679 4327; x_wconf 86' lang='lat' dir='ltr'>qua</span> <span class='ocrx_word' id='word_1_311' title='bbox 707 4270 725 4329; x_wconf 83' lang='lat' dir='ltr'>q</span> <span class='ocrx_word' id='word_1_312' title='bbox 755 4246 888 4311; x_wconf 86' lang='lat' dir='ltr'>Aeolica</span> <span class='ocrx_word' id='word_1_313' title='bbox 917 4254 949 4312; x_wconf 90' lang='lat' dir='ltr'>et</span> <span class='ocrx_word' id='word_1_314' title='bbox 979 4248 1096 4313; x_wconf 89' lang='lat' dir='ltr'>Dorica</span> <span class='ocrx_word' id='word_1_315' title='bbox 1124 4273 1154 4314; x_wconf 86' lang='grc' dir='ltr'>ει</span> <span class='ocrx_word' id='word_1_316' title='bbox 1184 4248 1314 4315; x_wconf 89' lang='lat' dir='ltr'>Ionicae</span> <span class='ocrx_word' id='word_1_317' title='bbox 1342 4251 1542 4334; x_wconf 85' lang='lat' dir='ltr'>respondeat</span> 
     </span>
    </p>
   </div>
   <div class='ocr_carea' id='block_1_3' title="bbox 0 0 1792 5334">
    <p class='ocr_par' dir='ltr' id='par_1_8' title="bbox 0 0 1792 5334">
     <span class='ocr_line' id='line_1_38' title="bbox 0 0 1792 5334; baseline 0 0"><span class='ocrx_word' id='word_1_318' title='bbox 0 0 1792 5334; x_wconf 95' lang='lat' dir='ltr'> </span> 
     </span>
    </p>
   </div>
  </div>
 </body>
</html>
