<?xml version="1.0" encoding="UTF-8"?>
<!DOCTYPE html PUBLIC "-//W3C//DTD XHTML 1.0 Transitional//EN"
    "http://www.w3.org/TR/xhtml1/DTD/xhtml1-transitional.dtd">
<html xmlns="http://www.w3.org/1999/xhtml" xml:lang="en" lang="en">
 <head>
  <title>
</title>
<meta http-equiv="Content-Type" content="text/html;charset=utf-8" />
  <meta name='ocr-system' content='tesseract 3.04.00' />
  <meta name='ocr-capabilities' content='ocr_page ocr_carea ocr_par ocr_line ocrx_word'/>
</head>
<body>
  <div class='ocr_page' id='page_1' title='image "./studienzurgriec00curtgoog_0351.png"; bbox 0 0 3575 5334; ppageno 0'>
   <div class='ocr_carea' id='block_1_1' title="bbox 478 698 1452 778">
    <p class='ocr_par' dir='ltr' id='par_1_1' title="bbox 478 698 1452 778">
     <span class='ocr_line' id='line_1_1' title="bbox 478 698 1452 778; baseline 0.023 -25"><span class='ocrx_word' id='word_1_1' title='bbox 478 698 512 755; x_wconf 88' lang='lat' dir='ltr'>de</span> <span class='ocrx_word' id='word_1_2' title='bbox 529 700 683 758; x_wconf 87' lang='lat' dir='ltr'>nominibus</span> <span class='ocrx_word' id='word_1_3' title='bbox 702 704 860 760; x_wconf 86' lang='lat' dir='ltr'>suffixorum</span> <span class='ocrx_word' id='word_1_4' title='bbox 877 710 934 759; x_wconf 79' lang='lat' dir='ltr'>crrt-</span> <span class='ocrx_word' id='word_1_5' title='bbox 951 711 978 761; x_wconf 88' lang='lat' dir='ltr'>et</span> <span class='ocrx_word' id='word_1_6' title='bbox 995 708 1080 762; x_wconf 79' lang='lat' dir='ltr'>mino·</span> <span class='ocrx_word' id='word_1_7' title='bbox 1098 723 1150 778; x_wconf 88' lang='lat' dir='ltr'>ope</span> <span class='ocrx_word' id='word_1_8' title='bbox 1166 709 1299 768; x_wconf 85' lang='lat' dir='ltr'>formatis.</span> <span class='ocrx_word' id='word_1_9' title='bbox 1395 713 1452 775; x_wconf 85' lang='grc'>341</span> 
     </span>
    </p>
   </div>
   <div class='ocr_carea' id='block_1_2' title="bbox 327 875 1553 4363">
    <p class='ocr_par' dir='ltr' id='par_1_2' title="bbox 327 875 1553 1834">
     <span class='ocr_line' id='line_1_2' title="bbox 327 875 1456 968; baseline 0.013 -34"><span class='ocrx_word' id='word_1_10' title='bbox 327 892 511 957; x_wconf 83' lang='lat' dir='ltr'>prae-r-cm</span> <span class='ocrx_word' id='word_1_11' title='bbox 537 877 613 950; x_wconf 88' lang='lat' dir='ltr'>(osc.</span> <span class='ocrx_word' id='word_1_12' title='bbox 640 875 703 940; x_wconf 88' lang='lat' dir='ltr'>abl.</span> <span class='ocrx_word' id='word_1_13' title='bbox 728 878 938 960; x_wconf 78' lang='lat' dir='ltr'>praesentiri),</span> <span class='ocrx_word' id='word_1_14' title='bbox 961 878 1078 957; x_wconf 79' lang='lat' dir='ltr'>absens,</span> <span class='ocrx_word' id='word_1_15' title='bbox 1105 881 1236 964; x_wconf 79' lang='lat' dir='ltr'>qni-cns,</span> <span class='ocrx_word' id='word_1_16' title='bbox 1259 884 1338 967; x_wconf 77' lang='lat' dir='ltr'>ieras,</span> <span class='ocrx_word' id='word_1_17' title='bbox 1361 906 1456 968; x_wconf 89' lang='lat' dir='ltr'>quam</span> 
     </span>
     <span class='ocr_line' id='line_1_3' title="bbox 328 970 1292 1055; baseline 0.011 -22"><span class='ocrx_word' id='word_1_18' title='bbox 328 970 364 1034; x_wconf 91' lang='lat' dir='ltr'>in</span> <span class='ocrx_word' id='word_1_19' title='bbox 388 970 496 1035; x_wconf 89' lang='lat' dir='ltr'>verbis</span> <span class='ocrx_word' id='word_1_20' title='bbox 518 970 698 1039; x_wconf 86' lang='lat' dir='ltr'>thematicis</span> <span class='ocrx_word' id='word_1_21' title='bbox 721 974 868 1055; x_wconf 82' lang='lat' dir='ltr'>scr-e-nr</span> <span class='ocrx_word' id='word_1_22' title='bbox 890 980 944 1041; x_wconf 89' lang='lat' dir='ltr'>ctt.</span> <span class='ocrx_word' id='word_1_23' title='bbox 1290 985 1292 987; x_wconf 80' lang='grc'><strong>’</strong></span> 
     </span>
     <span class='ocr_line' id='line_1_4' title="bbox 418 1066 759 1153; baseline 0.015 -22"><span class='ocrx_word' id='word_1_24' title='bbox 418 1066 624 1151; x_wconf 69' lang='lat' dir='ltr'>comparanti</span> <span class='ocrx_word' id='word_1_25' title='bbox 649 1070 759 1153; x_wconf 85' lang='lat' dir='ltr'>igitur:</span> 
     </span>
     <span class='ocr_line' id='line_1_5' title="bbox 373 1168 1167 1249; baseline 0.004 -20"><span class='ocrx_word' id='word_1_26' title='bbox 373 1176 456 1247; x_wconf 87' lang='lat' dir='ltr'>part.</span> <span class='ocrx_word' id='word_1_27' title='bbox 480 1186 584 1247; x_wconf 88' lang='lat' dir='ltr'>praes.</span> <span class='ocrx_word' id='word_1_28' title='bbox 608 1187 666 1233; x_wconf 89' lang='lat' dir='ltr'>scr.</span> <span class='ocrx_word' id='word_1_29' title='bbox 690 1168 862 1232; x_wconf 65' lang='lat' dir='ltr'>urrisu-cnr·</span> <span class='ocrx_word' id='word_1_30' title='bbox 884 1190 955 1236; x_wconf 88' lang='lat' dir='ltr'>cum</span> <span class='ocrx_word' id='word_1_31' title='bbox 978 1170 1167 1249; x_wconf 63' lang='lat' dir='ltr'>blerana,</span> 
     </span>
     <span class='ocr_line' id='line_1_6' title="bbox 526 1257 1292 1351; baseline 0.008 -24"><span class='ocrx_word' id='word_1_32' title='bbox 526 1302 536 1311; x_wconf 96' lang='lat'>·</span> <span class='ocrx_word' id='word_1_33' title='bbox 611 1284 657 1347; x_wconf 81' lang='lat' dir='ltr'>gr.</span> <span class='ocrx_word' id='word_1_34' title='bbox 683 1257 754 1329; x_wconf 75' lang='lat' dir='ltr'>ira·</span> <span class='ocrx_word' id='word_1_35' title='bbox 778 1268 875 1345; x_wconf 87' lang='lat' dir='ltr'>(hom.</span> <span class='ocrx_word' id='word_1_36' title='bbox 900 1265 1019 1345; x_wconf 80' lang='grc' dir='ltr'>ἒ-οντ-)</span> <span class='ocrx_word' id='word_1_37' title='bbox 1041 1287 1113 1332; x_wconf 87' lang='lat' dir='ltr'>cum</span> <span class='ocrx_word' id='word_1_38' title='bbox 1136 1266 1292 1351; x_wconf 78' lang='grc' dir='ltr'>λυ-ο-ντ·,</span> 
     </span>
     <span class='ocr_line' id='line_1_7' title="bbox 525 1362 1553 1450; baseline 0.007 -26"><span class='ocrx_word' id='word_1_39' title='bbox 525 1397 537 1407; x_wconf 93' lang='grc'><strong>-</strong></span> <span class='ocrx_word' id='word_1_40' title='bbox 616 1362 671 1425; x_wconf 86' lang='lat' dir='ltr'>lat.</span> <span class='ocrx_word' id='word_1_41' title='bbox 695 1373 797 1426; x_wconf 74' lang='lat' dir='ltr'>cant·</span> <span class='ocrx_word' id='word_1_42' title='bbox 812 1384 881 1429; x_wconf 91' lang='lat' dir='ltr'>cnm</span> <span class='ocrx_word' id='word_1_43' title='bbox 898 1384 977 1430; x_wconf 88' lang='lat' dir='ltr'>voce</span> <span class='ocrx_word' id='word_1_44' title='bbox 991 1365 1240 1449; x_wconf 82' lang='lat' dir='ltr'>cal-u-nt·arius,</span> <span class='ocrx_word' id='word_1_45' title='bbox 1261 1378 1456 1450; x_wconf 64' lang='lat' dir='ltr'>prae-sant·</span> <span class='ocrx_word' id='word_1_46' title='bbox 1521 1418 1524 1424; x_wconf 88' lang='lat'>.</span> <span class='ocrx_word' id='word_1_47' title='bbox 1549 1442 1553 1446; x_wconf 91' lang='lat'>.</span> 
     </span>
     <span class='ocr_line' id='line_1_8' title="bbox 461 1456 1179 1538; baseline 0.001 -17"><span class='ocrx_word' id='word_1_48' title='bbox 461 1477 531 1521; x_wconf 92' lang='lat' dir='ltr'>cum</span> <span class='ocrx_word' id='word_1_49' title='bbox 544 1456 706 1538; x_wconf 76' lang='lat' dir='ltr'>ser-ant-</span> <span class='ocrx_word' id='word_1_50' title='bbox 1178 1478 1179 1482; x_wconf 73' lang='grc'>’</span> 
     </span>
     <span class='ocr_line' id='line_1_9' title="bbox 329 1552 1458 1643; baseline 0.007 -23"><span class='ocrx_word' id='word_1_51' title='bbox 329 1552 438 1620; x_wconf 83' lang='lat' dir='ltr'>suffixi</span> <span class='ocrx_word' id='word_1_52' title='bbox 453 1554 598 1625; x_wconf 75' lang='lat' dir='ltr'>vocalem</span> <span class='ocrx_word' id='word_1_53' title='bbox 621 1576 692 1629; x_wconf 88' lang='lat' dir='ltr'>cnm</span> <span class='ocrx_word' id='word_1_54' title='bbox 714 1558 864 1623; x_wconf 79' lang='lat' dir='ltr'><strong>thematis</strong></span> <span class='ocrx_word' id='word_1_55' title='bbox 886 1559 992 1623; x_wconf 87' lang='lat' dir='ltr'>vocali</span> <span class='ocrx_word' id='word_1_56' title='bbox 1014 1558 1162 1624; x_wconf 83' lang='lat' dir='ltr'>suffixum</span> <span class='ocrx_word' id='word_1_57' title='bbox 1185 1561 1400 1643; x_wconf 80' lang='lat' dir='ltr'>praecedente</span> <span class='ocrx_word' id='word_1_58' title='bbox 1423 1569 1458 1629; x_wconf 90' lang='lat' dir='ltr'>ut</span> 
     </span>
     <span class='ocr_line' id='line_1_10' title="bbox 329 1652 1459 1738; baseline 0.011 -24"><span class='ocrx_word' id='word_1_59' title='bbox 329 1652 364 1715; x_wconf 93' lang='lat' dir='ltr'>in</span> <span class='ocrx_word' id='word_1_60' title='bbox 387 1652 498 1734; x_wconf 83' lang='lat' dir='ltr'>lingua</span> <span class='ocrx_word' id='word_1_61' title='bbox 520 1653 686 1734; x_wconf 86' lang='lat' dir='ltr'>sanserita,</span> <span class='ocrx_word' id='word_1_62' title='bbox 709 1654 755 1719; x_wconf 90' lang='lat' dir='ltr'>ita</span> <span class='ocrx_word' id='word_1_63' title='bbox 776 1654 810 1719; x_wconf 92' lang='lat' dir='ltr'>in</span> <span class='ocrx_word' id='word_1_64' title='bbox 831 1656 952 1736; x_wconf 84' lang='lat' dir='ltr'>linguis</span> <span class='ocrx_word' id='word_1_65' title='bbox 973 1676 1090 1738; x_wconf 81' lang='lat' dir='ltr'>graeca</span> <span class='ocrx_word' id='word_1_66' title='bbox 1113 1663 1145 1722; x_wconf 89' lang='lat' dir='ltr'>et</span> <span class='ocrx_word' id='word_1_67' title='bbox 1166 1658 1267 1724; x_wconf 89' lang='lat' dir='ltr'>latina</span> <span class='ocrx_word' id='word_1_68' title='bbox 1289 1661 1459 1726; x_wconf 85' lang='lat' dir='ltr'>accuratis·</span> 
     </span>
     <span class='ocr_line' id='line_1_11' title="bbox 328 1749 810 1834; baseline 0.002 -20"><span class='ocrx_word' id='word_1_69' title='bbox 328 1749 411 1815; x_wconf 91' lang='lat' dir='ltr'>sime</span> <span class='ocrx_word' id='word_1_70' title='bbox 435 1768 609 1832; x_wconf 79' lang='lat' dir='ltr'>congruere</span> <span class='ocrx_word' id='word_1_71' title='bbox 632 1752 810 1834; x_wconf 82' lang='lat' dir='ltr'>apparebit.</span> 
     </span>
    </p>

    <p class='ocr_par' dir='ltr' id='par_1_3' title="bbox 330 1846 1459 2109">
     <span class='ocr_line' id='line_1_12' title="bbox 417 1846 1459 1935; baseline 0.009 -25"><span class='ocrx_word' id='word_1_72' title='bbox 417 1846 506 1911; x_wconf 91' lang='lat' dir='ltr'>Haec</span> <span class='ocrx_word' id='word_1_73' title='bbox 529 1848 649 1929; x_wconf 90' lang='lat' dir='ltr'>habeo,</span> <span class='ocrx_word' id='word_1_74' title='bbox 679 1868 760 1930; x_wconf 92' lang='lat' dir='ltr'>quae</span> <span class='ocrx_word' id='word_1_75' title='bbox 783 1849 824 1914; x_wconf 87' lang='lat' dir='ltr'>de</span> <span class='ocrx_word' id='word_1_76' title='bbox 846 1848 960 1914; x_wconf 83' lang='lat' dir='ltr'>suffixo</span> <span class='ocrx_word' id='word_1_77' title='bbox 983 1860 1036 1912; x_wconf 82' lang='lat' dir='ltr'>ant</span> <span class='ocrx_word' id='word_1_78' title='bbox 1061 1849 1229 1916; x_wconf 89' lang='lat' dir='ltr'>formando</span> <span class='ocrx_word' id='word_1_79' title='bbox 1252 1859 1349 1935; x_wconf 90' lang='lat' dir='ltr'>atque</span> <span class='ocrx_word' id='word_1_80' title='bbox 1370 1874 1459 1920; x_wconf 88' lang='lat' dir='ltr'>usur·</span> 
     </span>
     <span class='ocr_line' id='line_1_13' title="bbox 330 1943 1458 2031; baseline 0.006 -22"><span class='ocrx_word' id='word_1_81' title='bbox 330 1943 441 2027; x_wconf 89' lang='lat' dir='ltr'>pando</span> <span class='ocrx_word' id='word_1_82' title='bbox 458 1944 572 2009; x_wconf 89' lang='lat' dir='ltr'>dicam.</span> <span class='ocrx_word' id='word_1_83' title='bbox 611 1945 741 2011; x_wconf 86' lang='lat' dir='ltr'>Ceteras</span> <span class='ocrx_word' id='word_1_84' title='bbox 756 1945 883 2028; x_wconf 82' lang='lat' dir='ltr'>linguas</span> <span class='ocrx_word' id='word_1_85' title='bbox 898 1947 1177 2029; x_wconf 83' lang='lat' dir='ltr'>indagermanicas</span> <span class='ocrx_word' id='word_1_86' title='bbox 1188 1948 1222 2012; x_wconf 93' lang='lat' dir='ltr'>in</span> <span class='ocrx_word' id='word_1_87' title='bbox 1237 1950 1458 2031; x_wconf 86' lang='lat' dir='ltr'>quaestionem</span> 
     </span>
     <span class='ocr_line' id='line_1_14' title="bbox 330 2042 849 2109; baseline 0.006 -4"><span class='ocrx_word' id='word_1_88' title='bbox 330 2060 448 2106; x_wconf 88' lang='lat' dir='ltr'>vocare</span> <span class='ocrx_word' id='word_1_89' title='bbox 469 2042 549 2106; x_wconf 86' lang='lat' dir='ltr'>nihil</span> <span class='ocrx_word' id='word_1_90' title='bbox 573 2043 704 2109; x_wconf 90' lang='lat' dir='ltr'>adrem</span> <span class='ocrx_word' id='word_1_91' title='bbox 727 2044 849 2109; x_wconf 82' lang='lat' dir='ltr'>attinet.</span> 
     </span>
    </p>

    <p class='ocr_par' dir='ltr' id='par_1_4' title="bbox 328 2139 1458 2790">
     <span class='ocr_line' id='line_1_15' title="bbox 417 2139 1458 2227; baseline 0.008 -25"><span class='ocrx_word' id='word_1_92' title='bbox 417 2139 577 2217; x_wconf 78' lang='lat' dir='ltr'>Quoniam</span> <span class='ocrx_word' id='word_1_93' title='bbox 599 2140 696 2221; x_wconf 86' lang='lat' dir='ltr'>igitur</span> <span class='ocrx_word' id='word_1_94' title='bbox 719 2161 756 2206; x_wconf 90' lang='lat' dir='ltr'>ec</span> <span class='ocrx_word' id='word_1_95' title='bbox 779 2144 967 2224; x_wconf 87' lang='lat' dir='ltr'>perventum</span> <span class='ocrx_word' id='word_1_96' title='bbox 991 2146 1050 2222; x_wconf 86' lang='lat' dir='ltr'>est,</span> <span class='ocrx_word' id='word_1_97' title='bbox 1073 2145 1107 2205; x_wconf 92' lang='lat' dir='ltr'>ut</span> <span class='ocrx_word' id='word_1_98' title='bbox 1129 2139 1170 2207; x_wconf 88' lang='lat' dir='ltr'>dc</span> <span class='ocrx_word' id='word_1_99' title='bbox 1190 2142 1355 2207; x_wconf 85' lang='lat' dir='ltr'>vocabulis</span> <span class='ocrx_word' id='word_1_100' title='bbox 1377 2144 1458 2227; x_wconf 92' lang='lat' dir='ltr'>ipsis</span> 
     </span>
     <span class='ocr_line' id='line_1_16' title="bbox 328 2236 1457 2320; baseline 0.005 -21"><span class='ocrx_word' id='word_1_101' title='bbox 328 2236 549 2319; x_wconf 88' lang='lat' dir='ltr'>quaerendum</span> <span class='ocrx_word' id='word_1_102' title='bbox 578 2238 634 2318; x_wconf 87' lang='lat' dir='ltr'>sit,</span> <span class='ocrx_word' id='word_1_103' title='bbox 660 2238 756 2302; x_wconf 80' lang='lat' dir='ltr'>haud</span> <span class='ocrx_word' id='word_1_104' title='bbox 785 2238 942 2303; x_wconf 88' lang='lat' dir='ltr'>absonum</span> <span class='ocrx_word' id='word_1_105' title='bbox 972 2237 1031 2303; x_wconf 86' lang='lat' dir='ltr'>erit</span> <span class='ocrx_word' id='word_1_106' title='bbox 1058 2237 1227 2303; x_wconf 79' lang='lat' dir='ltr'>verborum</span> <span class='ocrx_word' id='word_1_107' title='bbox 1257 2240 1457 2320; x_wconf 87' lang='lat' dir='ltr'>quorundam</span> 
     </span>
     <span class='ocr_line' id='line_1_17' title="bbox 331 2333 1457 2418; baseline 0.003 -19"><span class='ocrx_word' id='word_1_108' title='bbox 331 2334 526 2399; x_wconf 89' lang='lat' dir='ltr'>mentionem</span> <span class='ocrx_word' id='word_1_109' title='bbox 550 2333 627 2415; x_wconf 84' lang='lat' dir='ltr'>fieri,</span> <span class='ocrx_word' id='word_1_110' title='bbox 650 2355 733 2416; x_wconf 90' lang='lat' dir='ltr'>quae</span> <span class='ocrx_word' id='word_1_111' title='bbox 755 2334 884 2418; x_wconf 89' lang='lat' dir='ltr'>proprie</span> <span class='ocrx_word' id='word_1_112' title='bbox 899 2334 1027 2416; x_wconf 89' lang='lat' dir='ltr'>quidem</span> <span class='ocrx_word' id='word_1_113' title='bbox 1051 2335 1112 2400; x_wconf 90' lang='lat' dir='ltr'>huc</span> <span class='ocrx_word' id='word_1_114' title='bbox 1134 2355 1198 2399; x_wconf 90' lang='lat' dir='ltr'>non</span> <span class='ocrx_word' id='word_1_115' title='bbox 1221 2336 1392 2416; x_wconf 85' lang='lat' dir='ltr'>pertinent,</span> <span class='ocrx_word' id='word_1_116' title='bbox 1415 2338 1457 2402; x_wconf 88' lang='lat' dir='ltr'>ad</span> 
     </span>
     <span class='ocr_line' id='line_1_18' title="bbox 330 2431 1457 2515; baseline 0.003 -20"><span class='ocrx_word' id='word_1_117' title='bbox 330 2431 525 2496; x_wconf 89' lang='lat' dir='ltr'>illustranda</span> <span class='ocrx_word' id='word_1_118' title='bbox 553 2452 647 2512; x_wconf 82' lang='lat' dir='ltr'>vero,</span> <span class='ocrx_word' id='word_1_119' title='bbox 678 2432 719 2497; x_wconf 91' lang='lat' dir='ltr'>de</span> <span class='ocrx_word' id='word_1_120' title='bbox 748 2433 862 2514; x_wconf 92' lang='lat' dir='ltr'>quibus</span> <span class='ocrx_word' id='word_1_121' title='bbox 890 2432 945 2497; x_wconf 91' lang='lat' dir='ltr'>fiet</span> <span class='ocrx_word' id='word_1_122' title='bbox 968 2433 1127 2515; x_wconf 83' lang='lat' dir='ltr'>quaestio,</span> <span class='ocrx_word' id='word_1_123' title='bbox 1153 2432 1285 2497; x_wconf 85' lang='lat' dir='ltr'>numina</span> <span class='ocrx_word' id='word_1_124' title='bbox 1310 2434 1457 2498; x_wconf 90' lang='lat' dir='ltr'>nonnihil</span> 
     </span>
     <span class='ocr_line' id='line_1_19' title="bbox 330 2528 1457 2613; baseline 0.001 -20"><span class='ocrx_word' id='word_1_125' title='bbox 330 2529 453 2594; x_wconf 87' lang='lat' dir='ltr'>valent.</span> <span class='ocrx_word' id='word_1_126' title='bbox 490 2528 572 2594; x_wconf 84' lang='lat' dir='ltr'>Sunt</span> <span class='ocrx_word' id='word_1_127' title='bbox 587 2530 672 2594; x_wconf 91' lang='lat' dir='ltr'>enim</span> <span class='ocrx_word' id='word_1_128' title='bbox 695 2530 776 2593; x_wconf 88' lang='lat' dir='ltr'>haec</span> <span class='ocrx_word' id='word_1_129' title='bbox 797 2529 979 2613; x_wconf 85' lang='lat' dir='ltr'>participia,</span> <span class='ocrx_word' id='word_1_130' title='bbox 1003 2549 1135 2611; x_wconf 89' lang='lat' dir='ltr'>quorum</span> <span class='ocrx_word' id='word_1_131' title='bbox 1151 2528 1310 2612; x_wconf 89' lang='lat' dir='ltr'>simplicia</span> <span class='ocrx_word' id='word_1_132' title='bbox 1328 2529 1457 2611; x_wconf 88' lang='lat' dir='ltr'>quidem</span> 
     </span>
     <span class='ocr_line' id='line_1_20' title="bbox 330 2626 1458 2709; baseline 0.002 -19"><span class='ocrx_word' id='word_1_133' title='bbox 330 2626 433 2692; x_wconf 88' lang='lat' dir='ltr'>verba</span> <span class='ocrx_word' id='word_1_134' title='bbox 473 2633 505 2691; x_wconf 85' lang='lat' dir='ltr'>et</span> <span class='ocrx_word' id='word_1_135' title='bbox 544 2626 706 2709; x_wconf 87' lang='lat' dir='ltr'>primitiva</span> <span class='ocrx_word' id='word_1_136' title='bbox 747 2634 779 2691; x_wconf 90' lang='lat' dir='ltr'>et</span> <span class='ocrx_word' id='word_1_137' title='bbox 818 2627 1060 2691; x_wconf 86' lang='lat' dir='ltr'>denominativa</span> <span class='ocrx_word' id='word_1_138' title='bbox 1098 2633 1242 2707; x_wconf 82' lang='lat' dir='ltr'>exstant,</span> <span class='ocrx_word' id='word_1_139' title='bbox 1281 2628 1458 2709; x_wconf 88' lang='lat' dir='ltr'>composita</span> 
     </span>
     <span class='ocr_line' id='line_1_21' title="bbox 331 2722 1193 2790; baseline -0.002 -1"><span class='ocrx_word' id='word_1_140' title='bbox 331 2730 440 2790; x_wconf 88' lang='lat' dir='ltr'>tamen</span> <span class='ocrx_word' id='word_1_141' title='bbox 465 2744 528 2789; x_wconf 89' lang='lat' dir='ltr'>non</span> <span class='ocrx_word' id='word_1_142' title='bbox 550 2724 773 2790; x_wconf 88' lang='lat' dir='ltr'>inveniuntur:</span> <span class='ocrx_word' id='word_1_143' title='bbox 1191 2722 1193 2728; x_wconf 80' lang='grc'>’</span> 
     </span>
    </p>

    <p class='ocr_par' dir='ltr' id='par_1_5' title="bbox 332 2819 1459 3099">
     <span class='ocr_line' id='line_1_22' title="bbox 419 2819 1459 2903; baseline 0.003 -20"><span class='ocrx_word' id='word_1_144' title='bbox 419 2821 572 2884; x_wconf 82' lang='lat' dir='ltr'>abranam</span> <span class='ocrx_word' id='word_1_145' title='bbox 593 2822 614 2887; x_wconf 90' lang='lat' dir='ltr'>i.</span> <span class='ocrx_word' id='word_1_146' title='bbox 634 2841 661 2886; x_wconf 89' lang='lat' dir='ltr'>e.</span> <span class='ocrx_word' id='word_1_147' title='bbox 684 2820 831 2885; x_wconf 82' lang='lat' dir='ltr'>abranus:</span> <span class='ocrx_word' id='word_1_148' title='bbox 855 2840 875 2884; x_wconf 86' lang='lat' dir='ltr'>a</span> <span class='ocrx_word' id='word_1_149' title='bbox 893 2820 978 2902; x_wconf 89' lang='lat' dir='ltr'>juris</span> <span class='ocrx_word' id='word_1_150' title='bbox 999 2820 1124 2886; x_wconf 87' lang='lat' dir='ltr'>ratione</span> <span class='ocrx_word' id='word_1_151' title='bbox 1135 2819 1238 2885; x_wconf 83' lang='lat' dir='ltr'>Instit.</span> <span class='ocrx_word' id='word_1_152' title='bbox 1250 2823 1280 2901; x_wconf 93' lang='grc'>2,</span> <span class='ocrx_word' id='word_1_153' title='bbox 1293 2824 1345 2902; x_wconf 89' lang='grc'>25,</span> <span class='ocrx_word' id='word_1_154' title='bbox 1368 2820 1459 2903; x_wconf 80' lang='lat' dir='ltr'>cujus</span> 
     </span>
     <span class='ocr_line' id='line_1_23' title="bbox 332 2915 1458 3003; baseline -0.003 -19"><span class='ocrx_word' id='word_1_155' title='bbox 332 2938 526 3003; x_wconf 89' lang='lat' dir='ltr'>quamquam</span> <span class='ocrx_word' id='word_1_156' title='bbox 544 2918 677 2983; x_wconf 79' lang='lat' dir='ltr'>verbum</span> <span class='ocrx_word' id='word_1_157' title='bbox 703 2916 913 3000; x_wconf 90' lang='lat' dir='ltr'>compositum</span> <span class='ocrx_word' id='word_1_158' title='bbox 935 2915 1116 2981; x_wconf 68' lang='lat' dir='ltr'>*alienare</span> <span class='ocrx_word' id='word_1_159' title='bbox 1137 2937 1202 2982; x_wconf 93' lang='lat' dir='ltr'>non</span> <span class='ocrx_word' id='word_1_160' title='bbox 1226 2924 1274 2981; x_wconf 89' lang='lat' dir='ltr'>est</span> <span class='ocrx_word' id='word_1_161' title='bbox 1295 2918 1458 3000; x_wconf 84' lang='lat' dir='ltr'>usitatum,</span> 
     </span>
     <span class='ocr_line' id='line_1_24' title="bbox 332 3018 739 3099; baseline -0.012 -17"><span class='ocrx_word' id='word_1_162' title='bbox 332 3018 471 3099; x_wconf 82' lang='lat' dir='ltr'>simplex</span> <span class='ocrx_word' id='word_1_163' title='bbox 493 3021 602 3079; x_wconf 87' lang='lat' dir='ltr'>tamen</span> <span class='ocrx_word' id='word_1_164' title='bbox 625 3020 739 3081; x_wconf 82' lang='lat' dir='ltr'>exstat.</span> 
     </span>
    </p>

    <p class='ocr_par' dir='ltr' id='par_1_6' title="bbox 333 3109 1459 3291">
     <span class='ocr_line' id='line_1_25' title="bbox 420 3109 1459 3193; baseline -0.002 -17"><span class='ocrx_word' id='word_1_165' title='bbox 420 3115 635 3178; x_wconf 79' lang='lat' dir='ltr'>allacrimans:</span> <span class='ocrx_word' id='word_1_166' title='bbox 658 3110 850 3192; x_wconf 83' lang='lat' dir='ltr'>Junchrg.</span> <span class='ocrx_word' id='word_1_167' title='bbox 868 3112 949 3175; x_wconf 83' lang='lat' dir='ltr'>Aen.</span> <span class='ocrx_word' id='word_1_168' title='bbox 968 3112 1010 3192; x_wconf 83' lang='lat' dir='ltr'>X,</span> <span class='ocrx_word' id='word_1_169' title='bbox 1024 3114 1101 3193; x_wconf 75' lang='lat'>6283</span> <span class='ocrx_word' id='word_1_170' title='bbox 1124 3109 1261 3175; x_wconf 82' lang='lat' dir='ltr'>ubertim</span> <span class='ocrx_word' id='word_1_171' title='bbox 1284 3110 1338 3173; x_wconf 88' lang='lat' dir='ltr'>all.</span> <span class='ocrx_word' id='word_1_172' title='bbox 1361 3110 1459 3193; x_wconf 88' lang='lat' dir='ltr'>Apul.</span> 
     </span>
     <span class='ocr_line' id='line_1_26' title="bbox 333 3208 813 3291; baseline -0.015 -13"><span class='ocrx_word' id='word_1_173' title='bbox 333 3218 408 3279; x_wconf 84' lang='lat' dir='ltr'>met.</span> <span class='ocrx_word' id='word_1_174' title='bbox 437 3216 484 3291; x_wconf 88' lang='lat'>10,</span> <span class='ocrx_word' id='word_1_175' title='bbox 508 3213 526 3275; x_wconf 88' lang='lat'>3</span> <span class='ocrx_word' id='word_1_176' title='bbox 551 3208 581 3286; x_wconf 73' lang='grc'>1*</span> <span class='ocrx_word' id='word_1_177' title='bbox 591 3210 813 3283; x_wconf 86' lang='lat' dir='ltr'>allacrimarc).</span> 
     </span>
    </p>

    <p class='ocr_par' dir='ltr' id='par_1_7' title="bbox 423 3302 1415 3384">
     <span class='ocr_line' id='line_1_27' title="bbox 423 3302 1415 3384; baseline -0.004 -13"><span class='ocrx_word' id='word_1_178' title='bbox 423 3317 572 3371; x_wconf 83' lang='lat' dir='ltr'>arratam</span> <span class='ocrx_word' id='word_1_179' title='bbox 595 3305 809 3384; x_wconf 73' lang='lat' dir='ltr'>(*arrotare):</span> <span class='ocrx_word' id='word_1_180' title='bbox 833 3302 990 3369; x_wconf 88' lang='lat' dir='ltr'>arrotanti</span> <span class='ocrx_word' id='word_1_181' title='bbox 1011 3308 1099 3368; x_wconf 86' lang='lat' dir='ltr'>tactu</span> <span class='ocrx_word' id='word_1_182' title='bbox 1122 3302 1233 3367; x_wconf 77' lang='lat' dir='ltr'>Sidon·</span> <span class='ocrx_word' id='word_1_183' title='bbox 1258 3321 1307 3384; x_wconf 90' lang='lat' dir='ltr'>ep.</span> <span class='ocrx_word' id='word_1_184' title='bbox 1332 3306 1361 3382; x_wconf 83' lang='lat'>6,</span> <span class='ocrx_word' id='word_1_185' title='bbox 1389 3307 1415 3367; x_wconf 90' lang='lat'>1.</span> 
     </span>
    </p>

    <p class='ocr_par' dir='ltr' id='par_1_8' title="bbox 333 3398 1458 3678">
     <span class='ocr_line' id='line_1_28' title="bbox 421 3398 1458 3481; baseline -0.006 -13"><span class='ocrx_word' id='word_1_186' title='bbox 421 3405 660 3469; x_wconf 80' lang='lat' dir='ltr'>circumlucenc:</span> <span class='ocrx_word' id='word_1_187' title='bbox 684 3404 811 3467; x_wconf 84' lang='lat' dir='ltr'>fortuna</span> <span class='ocrx_word' id='word_1_188' title='bbox 827 3402 901 3467; x_wconf 85' lang='lat' dir='ltr'>Seu.</span> <span class='ocrx_word' id='word_1_189' title='bbox 918 3399 970 3465; x_wconf 85' lang='lat' dir='ltr'>ad.</span> <span class='ocrx_word' id='word_1_190' title='bbox 985 3400 1084 3465; x_wconf 86' lang='lat' dir='ltr'>Marc.</span> <span class='ocrx_word' id='word_1_191' title='bbox 1102 3404 1131 3481; x_wconf 88' lang='grc'>2,</span> <span class='ocrx_word' id='word_1_192' title='bbox 1154 3402 1173 3480; x_wconf 65' lang='grc' dir='ltr'>ξ</span> <span class='ocrx_word' id='word_1_193' title='bbox 1191 3405 1209 3463; x_wconf 83' lang='lat'>5</span> <span class='ocrx_word' id='word_1_194' title='bbox 1232 3398 1458 3477; x_wconf 80' lang='lat' dir='ltr'>(circumlucctt</span> 
     </span>
     <span class='ocr_line' id='line_1_29' title="bbox 333 3496 1458 3584; baseline -0.011 -13"><span class='ocrx_word' id='word_1_195' title='bbox 333 3502 548 3584; x_wconf 82' lang='lat' dir='ltr'>circumfulgit</span> <span class='ocrx_word' id='word_1_196' title='bbox 569 3500 766 3569; x_wconf 79' lang='lat' dir='ltr'>Glossarium</span> <span class='ocrx_word' id='word_1_197' title='bbox 782 3499 873 3564; x_wconf 85' lang='lat' dir='ltr'>latin.</span> <span class='ocrx_word' id='word_1_198' title='bbox 894 3517 978 3563; x_wconf 89' lang='lat' dir='ltr'>saec.</span> <span class='ocrx_word' id='word_1_199' title='bbox 1000 3497 1048 3561; x_wconf 84' lang='lat' dir='ltr'>IX</span> <span class='ocrx_word' id='word_1_200' title='bbox 1071 3497 1121 3563; x_wconf 87' lang='lat' dir='ltr'>ed.</span> <span class='ocrx_word' id='word_1_201' title='bbox 1137 3496 1339 3563; x_wconf 84' lang='lat' dir='ltr'>Hildebrand</span> <span class='ocrx_word' id='word_1_202' title='bbox 1359 3518 1391 3579; x_wconf 91' lang='lat' dir='ltr'>p.</span> <span class='ocrx_word' id='word_1_203' title='bbox 1408 3499 1458 3578; x_wconf 82' lang='lat'>53,</span> 
     </span>
     <span class='ocr_line' id='line_1_30' title="bbox 333 3604 455 3678; baseline -0.025 -11"><span class='ocrx_word' id='word_1_204' title='bbox 333 3624 366 3667; x_wconf 91' lang='lat' dir='ltr'>n.</span> <span class='ocrx_word' id='word_1_205' title='bbox 390 3604 455 3678; x_wconf 83' lang='lat'>91).</span> 
     </span>
    </p>

    <p class='ocr_par' dir='ltr' id='par_1_9' title="bbox 421 3690 1459 3776">
     <span class='ocr_line' id='line_1_31' title="bbox 421 3690 1459 3776; baseline -0.011 -15"><span class='ocrx_word' id='word_1_206' title='bbox 421 3696 688 3761; x_wconf 82' lang='lat' dir='ltr'>circummulcenr:</span> <span class='ocrx_word' id='word_1_207' title='bbox 717 3694 828 3776; x_wconf 83' lang='lat' dir='ltr'>lingua</span> <span class='ocrx_word' id='word_1_208' title='bbox 850 3693 932 3758; x_wconf 93' lang='lat' dir='ltr'>Plin.</span> <span class='ocrx_word' id='word_1_209' title='bbox 956 3694 1007 3773; x_wconf 89' lang='grc'>28,</span> <span class='ocrx_word' id='word_1_210' title='bbox 1032 3695 1061 3773; x_wconf 88' lang='grc'>3,</span> <span class='ocrx_word' id='word_1_211' title='bbox 1085 3695 1125 3756; x_wconf 88' lang='grc'>30</span> <span class='ocrx_word' id='word_1_212' title='bbox 1148 3690 1459 3769; x_wconf 68' lang='grc' dir='ltr'>(*οἱνοιιηινηιιίοενθ).</span> 
     </span>
    </p>

    <p class='ocr_par' dir='ltr' id='par_1_10' title="bbox 421 3789 1321 3872">
     <span class='ocr_line' id='line_1_32' title="bbox 421 3789 1321 3872; baseline -0.004 -15"><span class='ocrx_word' id='word_1_213' title='bbox 421 3797 655 3857; x_wconf 76' lang='lat' dir='ltr'>circumrorans</span> <span class='ocrx_word' id='word_1_214' title='bbox 677 3790 957 3872; x_wconf 77' lang='lat' dir='ltr'>(*circumrorar²c)</span> <span class='ocrx_word' id='word_1_215' title='bbox 980 3790 1075 3872; x_wconf 83' lang='lat' dir='ltr'>Apul.</span> <span class='ocrx_word' id='word_1_216' title='bbox 1098 3789 1172 3853; x_wconf 85' lang='lat' dir='ltr'>Met.</span> <span class='ocrx_word' id='word_1_217' title='bbox 1198 3793 1247 3869; x_wconf 90' lang='lat'>11,</span> <span class='ocrx_word' id='word_1_218' title='bbox 1270 3791 1321 3853; x_wconf 88' lang='grc'>23.</span> 
     </span>
    </p>

    <p class='ocr_par' dir='ltr' id='par_1_11' title="bbox 422 3886 1461 3969">
     <span class='ocr_line' id='line_1_33' title="bbox 422 3886 1461 3969; baseline -0.01 -12"><span class='ocrx_word' id='word_1_219' title='bbox 422 3891 658 3957; x_wconf 82' lang='lat' dir='ltr'>circumsaltanr</span> <span class='ocrx_word' id='word_1_220' title='bbox 687 3888 971 3969; x_wconf 76' lang='lat' dir='ltr'>(*circumsaltar²c)</span> <span class='ocrx_word' id='word_1_221' title='bbox 1000 3886 1095 3952; x_wconf 86' lang='lat' dir='ltr'>Prud.</span> <span class='ocrx_word' id='word_1_222' title='bbox 1128 3906 1154 3950; x_wconf 85' lang='lat' dir='ltr'>c.</span> <span class='ocrx_word' id='word_1_223' title='bbox 1183 3886 1304 3969; x_wconf 84' lang='lat' dir='ltr'>Symm.</span> <span class='ocrx_word' id='word_1_224' title='bbox 1330 3889 1364 3967; x_wconf 86' lang='lat'>1,</span> <span class='ocrx_word' id='word_1_225' title='bbox 1390 3887 1461 3948; x_wconf 85' lang='lat'><strong>135.</strong></span> 
     </span>
    </p>

    <p class='ocr_par' dir='ltr' id='par_1_12' title="bbox 422 3985 1349 4063">
     <span class='ocr_line' id='line_1_34' title="bbox 422 3985 1349 4063; baseline -0.006 -11"><span class='ocrx_word' id='word_1_226' title='bbox 422 3988 676 4053; x_wconf 68' lang='lat' dir='ltr'>circumamictans</span> <span class='ocrx_word' id='word_1_227' title='bbox 698 3985 999 4062; x_wconf 70' lang='lat' dir='ltr'>(*circnmstrr·dere)</span> <span class='ocrx_word' id='word_1_228' title='bbox 1022 3985 1125 4048; x_wconf 87' lang='lat' dir='ltr'>Amm.</span> <span class='ocrx_word' id='word_1_229' title='bbox 1153 3987 1200 4063; x_wconf 88' lang='grc'>14,</span> <span class='ocrx_word' id='word_1_230' title='bbox 1226 3987 1274 4063; x_wconf 91' lang='grc'>11,</span> <span class='ocrx_word' id='word_1_231' title='bbox 1301 3986 1349 4046; x_wconf 87' lang='grc'>17.</span> 
     </span>
    </p>

    <p class='ocr_par' dir='ltr' id='par_1_13' title="bbox 423 4080 1265 4162">
     <span class='ocr_line' id='line_1_35' title="bbox 423 4080 1265 4162; baseline -0.007 -13"><span class='ocrx_word' id='word_1_232' title='bbox 423 4086 656 4149; x_wconf 76' lang='lat' dir='ltr'>circumradere</span> <span class='ocrx_word' id='word_1_233' title='bbox 678 4081 958 4162; x_wconf 75' lang='lat' dir='ltr'>(*circrrmrudarc)</span> <span class='ocrx_word' id='word_1_234' title='bbox 980 4080 1063 4146; x_wconf 90' lang='lat' dir='ltr'>Plin.</span> <span class='ocrx_word' id='word_1_235' title='bbox 1089 4085 1137 4161; x_wconf 85' lang='grc'>14,</span> <span class='ocrx_word' id='word_1_236' title='bbox 1163 4085 1191 4160; x_wconf 94' lang='grc'>1,</span> <span class='ocrx_word' id='word_1_237' title='bbox 1217 4083 1265 4143; x_wconf 86' lang='grc'>16.</span> 
     </span>
    </p>

    <p class='ocr_par' dir='ltr' id='par_1_14' title="bbox 424 4177 1331 4267">
     <span class='ocr_line' id='line_1_36' title="bbox 424 4177 1331 4267; baseline -0.008 -22"><span class='ocrx_word' id='word_1_238' title='bbox 424 4182 672 4267; x_wconf 69' lang='lat' dir='ltr'>componderatio</span> <span class='ocrx_word' id='word_1_239' title='bbox 694 4179 988 4263; x_wconf 75' lang='lat' dir='ltr'>l*camp0nderarc)</span> <span class='ocrx_word' id='word_1_240' title='bbox 1011 4178 1106 4259; x_wconf 87' lang='lat' dir='ltr'>Apul.</span> <span class='ocrx_word' id='word_1_241' title='bbox 1129 4177 1258 4258; x_wconf 85' lang='lat' dir='ltr'>Asclcp.</span> <span class='ocrx_word' id='word_1_242' title='bbox 1282 4178 1331 4239; x_wconf 91' lang='grc'>22.</span> 
     </span>
    </p>

    <p class='ocr_par' dir='ltr' id='par_1_15' title="bbox 426 4269 1463 4363">
     <span class='ocr_line' id='line_1_37' title="bbox 426 4269 1463 4363; baseline -0.007 -20"><span class='ocrx_word' id='word_1_243' title='bbox 426 4279 610 4363; x_wconf 79' lang='lat' dir='ltr'>concupiens</span> <span class='ocrx_word' id='word_1_244' title='bbox 638 4278 659 4343; x_wconf 91' lang='lat' dir='ltr'>i.</span> <span class='ocrx_word' id='word_1_245' title='bbox 690 4298 718 4343; x_wconf 90' lang='lat' dir='ltr'>e.</span> <span class='ocrx_word' id='word_1_246' title='bbox 746 4276 843 4342; x_wconf 88' lang='lat' dir='ltr'>valde</span> <span class='ocrx_word' id='word_1_247' title='bbox 871 4274 1022 4359; x_wconf 90' lang='lat' dir='ltr'>cupidus:</span> <span class='ocrx_word' id='word_1_248' title='bbox 1056 4274 1100 4339; x_wconf 85' lang='lat' dir='ltr'>ad</span> <span class='ocrx_word' id='word_1_249' title='bbox 1128 4272 1343 4355; x_wconf 72' lang='lat' dir='ltr'>*concupera</span> <span class='ocrx_word' id='word_1_250' title='bbox 1377 4269 1463 4337; x_wconf 88' lang='lat' dir='ltr'>unde</span> 
     </span>
    </p>
   </div>
   <div class='ocr_carea' id='block_1_3' title="bbox 0 0 1803 5334">
    <p class='ocr_par' dir='ltr' id='par_1_16' title="bbox 0 0 1803 5334">
     <span class='ocr_line' id='line_1_38' title="bbox 0 0 1803 5334; baseline 0 0"><span class='ocrx_word' id='word_1_251' title='bbox 0 0 1803 5334; x_wconf 95' lang='lat' dir='ltr'> </span> 
     </span>
    </p>
   </div>
  </div>
 </body>
</html>
