3575 5334
634 651 667 705 de
684 651 799 706 dialecto
816 652 909 709 Attica
926 653 1095 707 vetustiore
1115 653 1151 710 Π.
1390 654 1449 715 421

536 818 565 885 εἰ
586 819 646 899 μὲν
669 819 702 885 ἐν
726 816 845 905 ἀρνειῷ
867 820 966 908 aspar}
989 820 1147 907 τροχάῃσι
1169 821 1303 908 Σελήνη,

538 914 690 983 σώεται
709 911 761 1002 dp
776 918 810 995 ἐς
825 920 920 1000 δῶμα
934 919 987 983 καὶ
1004 916 1038 995 ἐς
1051 917 1148 1001 χέρας
1164 912 1247 985 εἶσιν
1262 917 1452 999 ἄνακτοςᾞι

331 1054 533 1132 ,servabitur
555 1058 586 1118 et
610 1054 764 1137 redibit“;
794 1055 855 1121 hac
882 1053 967 1120 euim
996 1053 1144 1121 versione
1172 1056 1244 1130 rim,
1260 1056 1452 1122 Graecorum

331 1151 500 1216 verborum
530 1157 616 1216 recte
644 1152 778 1235 exprimi
807 1150 1024 1235 unusquisque
1051 1151 1234 1235 intelleget,
1264 1154 1318 1236 qui
1342 1173 1453 1220 versus

330 1248 353 1312 l.
375 1248 397 1311 l.
421 1253 593 1330 sequentes
614 1245 857 1331 comparaverit.
903 1248 965 1313 duo
988 1268 1063 1315 vero
1085 1250 1154 1315 ‘loci
1183 1251 1371 1325 (Antistia
1394 1250 1452 1337 IX,

332 1347 421 1427 53,2
451 1352 482 1411 et
511 1345 617 1428 Apoll.
640 1346 701 1410 Rh.
724 1350 753 1426 2,
778 1351 848 1421 1010)
876 1351 1014 1427 restant,
1044 1346 1159 1428 quibus
1186 1367 1256 1413 oum
1286 1344 1391 1413 σώετο
1422 1357 1454 1417 et

333 1439 459 1505 σώοντο
481 1441 602 1508 formae
623 1443 799 1526 imperfecti
822 1450 994 1526 usurpatae
1016 1443 1095 1528 sint,
1122 1450 1190 1510 tota
1210 1464 1283 1511 mea
1304 1446 1384 1510 ratio
1407 1446 1454 1511 in-

330 1539 426 1622 fringi
456 1539 590 1606 fortasse
622 1540 717 1605 alicui
745 1538 881 1605 videtur.
932 1547 966 1604 at
997 1539 1067 1622 quis
1099 1534 1334 1625 imperfectum,
1368 1542 1454 1626 quod

331 1636 456 1716 dicitur,
485 1642 617 1702 conatus
636 1646 704 1702 'non
726 1638 874 1704 noverit?
904 1655 1009 1719 neque
1030 1656 1090 1719 ego
1111 1658 1262 1721 umquam
1284 1638 1352 1704 dixi
1368 1637 1452 1703 -σώω

330 1734 506 1817 genuinum
527 1733 664 1798 futurum
688 1754 773 1816 csse,
797 1734 855 1801 sed
877 1740 1002 1799 tantum
1025 1734 1243 1802 demonstrare
1264 1735 1371 1801 studui
1393 1737 1454 1802 hoc

330 1830 462 1896 verbum
484 1830 526 1895 ab
548 1830 620 1914 ipsa
641 1839 757 1896 natura
778 1833 824 1896 ita
845 1838 1062 1915 comparatum
1076 1850 1165 1914 esse,
1188 1839 1223 1898 ut
1244 1833 1312 1899 eius
1333 1833 1454 1899 indica·

331 1928 415 1994 tirus
437 1928 615 2012 praesentis
637 1927 669 1991 iu
692 1928 934 1993 similitudinem
957 1928 1053 1993 futuri
1076 1927 1186 2008 egredi
1207 1930 1368 2011 potuerit.¹
1393 1931 1453 1997 hoo

331 2033 366 2090 ut
387 2025 557 2109 probarem
580 2024 607 2090 si
628 2024 707 2089 mihi
729 2025 876 2107 contigit,
907 2046 971 2090 non
1001 2043 1123 2103 vereor,
1152 2044 1194 2091 ne
1215 2026 1315 2091 nimia
1337 2026 1453 2093 seduli-

330 2128 396 2189 tate
425 2123 460 2188 in
489 2122 551 2187 hac
577 2128 643 2187 tam
672 2142 773 2205 parva
800 2128 1006 2188 reversatus
1035 2140 1106 2187 esse
1127 2120 1257 2187 iudicer.
1302 2126 1453 2207 namqui

331 2220 600 2304 argumentationi
626 2239 719 2285 meae
746 2220 937 2300 assentitur,
970 2219 997 2284 is
1025 2218 1202 2284 concedere
1230 2218 1327 2286 debet
1355 2221 1452 2287 otiam

332 2318 366 2384 0.
389 2319 409 2382 i.
434 2318 471 2382 Α.
495 2321 514 2379 2
541 2317 575 2381 in
603 2316 710 2382 verbis
739 2314 816 2381 σώω
844 2316 897 2380 καὶ
921 2309 1090 2379 ἀποδώσω
1119 2334 1184 2380 non
1212 2315 1324 2382 miram
1354 2337 1453 2400 quan·

332 2415 405 2479 dam
427 2414 524 2480 futuri
546 2434 586 2479 ex
608 2412 726 2478 *σωιῶ
742 2413 879 2497 corrupti
902 2412 960 2479 sed
981 2412 1096 2478 iustam
1118 2412 1252 2478 formam
1274 2417 1453 2497 praesentis

331 2512 483 2596 temporis
505 2516 642 2592 exstare,
664 2511 783 2595 quippo
804 2529 887 2592 quae
909 2532 975 2576 non
990 2512 1092 2577 solum
1107 2509 1196 2594 apud
1218 2517 1330 2592 poetas
1345 2511 1453 2596 epicos

330 2610 365 2674 in
388 2630 446 2675 usu
468 2609 572 2690 fuerit,
595 2609 652 2675 sed
676 2609 773 2673 etiam
796 2626 836 2673 ea
857 2613 974 2690 aetate,
997 2627 1061 2690 qua
1076 2603 1170 2691 σῴζω
1183 2606 1285 2672 forma
1308 2608 1452 2675 derivata

330 2709 394 2772 iam
409 2706 629 2788 increbuisset,
652 2706 781 2790 propria
797 2703 1029 2788 significatione
1045 2704 1242 2787 aliquamdiu
1257 2713 1386 2771 servata
1400 2708 1450 2773 sit.

416 2810 446 2869 4.
484 2795 779 2889 ἇνενήνεγκναι
802 2804 919 2883 32A‚r
941 2802 1063 2884 volgari
1085 2804 1224 2869 sermoni
1246 2804 1451 2870 tribuendum

332 2922 403 2969 esse
431 2899 651 2967 Weckleinius
679 2921 710 2983 p.
734 2903 774 2966 33
808 2906 893 2966 recte
922 2905 1029 2983 putat,
1063 2900 1116 2983 qui
1149 2901 1286 2967 similem
1318 2901 1452 2967 formam

333 2997 562 3084 ἕπενήνεγκται
588 3016 629 3063 ex
656 2997 916 3079 inscriptionibus
938 2996 1167 3064 recentioribus
1189 2997 1291 3063 affert.
1335 3013 1453 3080 nempe

330 3098 411 3162 talia
438 3101 581 3160 monstra
608 3094 692 3159 falsa
719 3093 870 3176 analogia
898 3100 968 3158 orta
994 3100 1083 3175 sunt,
1113 3113 1175 3176 qua
1203 3092 1291 3158 ducti
1320 3094 1365 3175 ei,
1399 3094 1452 3175 qui

330 3194 486 3276 originem
515 3216 532 3255 ν
561 3191 676 3256 literae
708 3191 741 3255 in
772 3191 890 3256 aoristo
922 3184 1054 3273 ἤνεγκον
1089 3210 1129 3255 ex
1160 3186 1336 3275 *ἠνενεκον
1367 3189 1452 3255 iacto

331 3310 396 3355 non
417 3295 590 3368 noverant,
614 3307 685 3353 eam
708 3288 803 3353 etiam
826 3287 900 3353 aliis
921 3286 1030 3352 formis
1051 3288 1092 3351 ab
1115 3286 1229 3352 eadem
1251 3287 1350 3369 stirpe
1372 3285 1453 3352 deri·

330 3387 414 3452 vatis
435 3386 646 3452 inseruerunt.

418 3490 447 3547 5.
491 3480 679 3548 ἕνκέαντι
709 3483 761 3547 vel
791 3479 974 3557 ἕνκέαντι”)
1001 3484 1101 3563 324a,
1124 3492 1164 3543 43.
1194 3499 1220 3561 c,
1245 3492 1288 3561 ¹3,
1318 3486 1452 3562 utroque

330 3583 401 3646 loco
422 3580 457 3644 in
479 3579 602 3645 verbis:
627 3576 788 3663 (ἕνκαυτῇ)
811 3576 1030 3661 abcepturos
1054 3575 1208 3643 tundant.
1245 3577 1451 3659 Rangabeius

331 3697 524 3761 quamquam
546 3677 655 3742 literas
677 3675 710 3739 in
733 3675 842 3760 lapide
864 3682 1009 3742 servatas
1032 3682 1117 3741 recte
1139 3673 1319 3756 exscripsit,
1342 3680 1451 3739 tamen

401 3913 434 3977 ²¹)
458 3926 521 3965 nem
539 3911 590 3964 hoc
608 3911 668 3964 loco
688 3924 736 3963 cur
754 3913 802 3962 aut
820 3907 927 3961 σεύεται
944 3909 1061 3964 scribam
1079 3924 1140 3963 cum
1157 3905 1286 3962 Dorvillio
1305 3912 1353 3961 aut
1371 3904 1450 3965 σώζε-

331 4009 378 4042 ται
396 4007 456 4045 cum
473 3990 619 4059 Koechlyo‚
637 3988 738 4042 nullam
756 4002 865 4042 causam
881 3988 966 4043 video

400 4072 433 4135 ²²)
452 4069 485 4123 de
502 4069 599 4137 spiritu
616 4084 712 4137 aspero
731 4072 757 4121 et
774 4068 807 4121 de
825 4086 841 4117 ν
857 4066 936 4122 litera
952 4064 1008 4121 non
1025 4066 1184 4121 assimulata
1195 4080 1265 4135 quac
1276 4064 1450 4119 memoranda

331 4155 403 4214 sunt,
420 4167 445 4203 v.
464 4165 548 4218 supra
565 4165 609 4218 pp.
620 4154 669 4204 2³8
688 4155 714 4203 et
732 4152 789 4202 288.
816 4162 865 4215 per
882 4145 1075 4214 neglegentiam
1088 4145 1191 4203 factum
1205 4150 1254 4211 est,
1273 4144 1345 4213 quod
1362 4146 1448 4212 p2288

331 4230 482 4300 exemplum
500 4229 571 4296 quod
588 4233 631 4284 est
648 4233 728 4293 324a,
747 4237 787 4281 ra.
807 4235 836 4276 ua
856 4226 942 4281 omisi.
