3575 5334
643 667 676 722 de
695 666 810 722 dialecto
828 669 920 723 Attica
937 652 1092 724 vetustiore.
1128 672 1150 724 1.
1400 667 1469 731 241

332 860 396 903 non
422 840 523 903 multo
545 846 618 922 post
643 839 690 903 Ol.
713 837 766 916 86,
787 837 810 901 3
831 840 925 904 iacto.
970 861 1053 923 quae
1074 843 1184 923 forma,
1213 843 1363 925 quoniam
1386 846 1462 911 scri-

332 944 461 1019 pturam
485 936 552 1001 eius
574 943 707 1001 naturae
730 938 830 1020 ipsius
851 938 898 1002 rei
920 934 985 1003 uo'u
1008 959 1188 1023 repugnare
1210 941 1359 1022 vidimus,
1382 946 1461 1008 satis

332 1035 466 1098 multum
497 1035 585 1098 valet
606 1034 648 1097 ad
671 1035 863 1100 senteutiam
886 1034 986 1100 Giesii
1016 1045 1048 1102 et
1070 1037 1233 1103 Kuehneri
1262 1059 1392 1121 prorsus
1414 1062 1461 1107 re·

332 1130 520 1212 lellendam,
543 1132 577 1195 in
599 1132 722 1195 tantulo
745 1133 944 1214 praesertim,
969 1154 1063 1214 quem
1086 1135 1150 1199 iam
1175 1135 1258 1216 dixi,
1282 1145 1460 1202 ceterorum

332 1229 552 1310 exemplorum
575 1249 716 1294 numero.
751 1251 826 1295 nam
849 1238 976 1313 praeter
999 1232 1080 1296 illud
1103 1230 1267 1314 πάρὲδροι
1289 1233 1370 1299 baec
1391 1240 1461 1299 tan-

331 1334 398 1390 tum
423 1326 543 1409 reperi:
580 1337 657 1392 ante
683 1326 835 1399 61841
869 1321 1003 1409 εὔορκον
1026 1333 1103 1407 23a,
1125 1341 1150 1411 6,
1188 1325 1310 1411 ἀῶρισν
1334 1335 1406 1412 481,
1431 1346 1459 1413 ¹3

332 1422 452 1488 deinde
480 1417 670 1506 προςὴκέτω
700 1429 814 1502 4615,
856 1420 1111 1505 τριὴμιποδιόος
1141 1430 1239 1507 sura,
1264 1441 1301 1491 12.
1343 1422 1459 1505 ἑςὸδοο

332 1523 405 1585 524.
439 1517 703 1601 [wascanorum
720 1526 815 1603 3240,
841 1526 889 1598 lu]
925 1517 1033 1602 ἄώρος
1057 1528 1128 1603 476,
1145 1537 1164 1615 ι1
1189 1526 1341 1607 scriptum
1362 1526 1461 1593 luisse

331 1618 410 1683 satis
432 1626 519 1683 certa
541 1620 784 1685 ratiocinatione
808 1640 847 1685 ex
870 1622 926 1701 eis,
950 1641 1034 1702 qnae
1056 1627 1200 1702 exstant,
1228 1623 1329 1688 literis
1351 1624 1460 1707 colligi

331 1723 447 1799 potest.

417 1819 530 1879 tenues
563 1821 777 1878 consonantes
810 1814 894 1895 quod
928 1814 978 1879 bis
1010 1814 1043 1877 in
1077 1816 1243 1880 vocabulis
1275 1819 1460 1901 compositis

331 1918 407 1975 ante
430 1910 576 1993 spiritum
599 1931 747 1993 asperum
770 1912 861 1993 ipsae
883 1932 948 1975 non
971 1912 1133 1993 aspiratae
1156 1920 1239 1993 sunt,
1269 1915 1388 1979 nullius
1411 1923 1459 1981 est
1528 1917 1537 1942 ⁸

331 2009 501 2089 momenti,
538 2008 613 2090 quia
646 2017 813 2089 utrumque
847 2009 1030 2091 exemplum
1062 2008 1096 2070 in
1134 2010 1245 2073 tabula
1280 2019 1459 2076 curatorum

332 2106 514 2187 Erechthei,
538 2109 610 2186 324,
634 2113 756 2172 exstat:
778 2108 971 2168 κατιστᾶσιν
990 2125 1019 2185 a,
1041 2117 1055 2164 4
1078 2111 1110 2169 et
1132 2105 1357 2188 δωδσιημέρου
1374 2129 1403 2189 a,
1419 2121 1459 2173 36.

416 2203 473 2267 IV.
503 2205 553 2268 Ita
568 2204 718 2285 quoniam
741 2223 832 2267 usum
856 2204 1030 2282 literarum,
1054 2220 1136 2283 quae
1159 2223 1176 2263 ο
1197 2205 1340 2268 vocalem
1364 2206 1459 2287 volgo

330 2298 526 2381 significant,
561 2300 731 2383 descripsi,
767 2301 830 2364 iam
859 2306 987 2364 transeo
1018 2298 1059 2363 ad
1090 2301 1291 2381 ovocalem,
1323 2301 1364 2365 de
1395 2322 1459 2383 qua

330 2398 430 2461 multo
453 2398 656 2481 paucioribus
679 2398 786 2463 verbis
809 2399 977 2464 absolvere
1000 2417 1140 2480 possum.
1173 2418 1247 2461 uam
1271 2418 1336 2462 non
1359 2398 1459 2464 multa

331 2501 405 2559 sunt
420 2497 580 2579 exempla,
604 2515 687 2577 quae
702 2516 722 2559 a
737 2495 881 2577 generali
904 2516 963 2560 usu
985 2494 1168 2575 abhorrent,
1193 2494 1246 2576 qui
1262 2503 1337 2561 ante
1352 2496 1459 2560 Eucli-

331 2591 403 2657 σοι]
427 2592 460 2656 n
483 2592 583 2658 utun
606 2592 719 2658 nutius
743 2594 770 2657 u
792 2593 866 2672 ruit,
897 2599 930 2656 ut
953 2592 984 2653 0
1014 2592 1107 2657 utera
1129 2597 1161 2655 et
1184 2614 1202 2654 0
1226 2600 1257 2656 c
1280 2618 1306 2655 ω
1327 2579 1460 2676 ,voearet

334 2698 365 2753 et
380 2711 419 2753 οο
436 2690 669 2773 diphthongum
692 2689 916 2769 adulterinam,
940 2686 1003 2751 ΟΥ
1020 2696 1125 2753 autern
1142 2690 1331 2768 coniunctae
1349 2691 1460 2772 geuui-

333 2808 407 2851 nam
432 2809 471 2849 ov
497 2786 730 2869 diphthongum
760 2787 985 2869 significarent.
1036 2787 1169 2871 afferam
1196 2788 1293 2869 igitur
1321 2788 1459 2869 primum

331 2903 370 2949 ea
392 2886 558 2967 exempla,
589 2886 621 2947 in
651 2884 765 2964 quibus
794 2886 873 2949 haec
902 2885 982 2949 ratio
1005 2884 1152 2965 neglecta
1174 2891 1237 2961 est,
1268 2884 1386 2950 deinde
1409 2903 1458 2967 ea,

331 3001 414 3063 qnae
436 2982 687 3047 invalescentem
710 2978 740 3040 Ω
763 2982 875 3047 literae
898 2982 1028 3047 lonicae
1050 3001 1142 3046 usum
1164 2982 1346 3046 ostendunt.

419 3085 445 3143 1.
493 3076 560 3141 ΟΥ
584 3099 653 3162 pro
677 3102 723 3143 oo
747 3079 988 3143 adulterina
1010 3078 1179 3159 positae.

416 3174 494 3252 τούς
518 3182 567 3253 51,
590 3188 614 3241 5.
652 3182 710 3239 τοῦ
737 3179 806 3256 146,
829 3187 853 3238 6.
883 3212 925 3220 -
957 3170 1156 3255 συνάρχουσι
1181 3176 1251 3251 146,
1274 3184 1298 3236 2.
1332 3197 1458 3254 προτα-

332 3271 489 3357 rovolone
513 3278 585 3353 274,
609 3288 632 3338 6.
668 3277 776 3351 [324ο,
798 3275 849 3349 26]
884 3268 1053 3356 βουλήῧ1,
1078 3281 1116 3331 14.
1145 3272 1196 3347 61,
1218 3280 1242 3330 3.
1264 3282 1288 3332 7.
1322 3267 1459 3349 §arpoc-

332 3370 469 3435 λεοσοντ
500 3376 550 3453 87,
573 3384 597 3436 4.
643 3365 793 3450 Εὗβοο1λ]
824 3371 964 3447 446,12.
1002 3400 1045 3411 -
1081 3362 1330 3444 [ἀνανΙεοῦσθαι
1358 3370 1409 3447 43,
1432 3379 1457 3431 5.

328 3462 525 3550 Ἡρακλέους
555 3473 626 3548 360,
657 3480 672 3530 2
701 3473 787 3532 laute
812 3466 859 3529 01.
883 3463 940 3538 84,
965 3464 1007 3540 1).
1044 3464 1217 3547 κληροῦχοι
1248 3467 1323 3544 146,
1348 3476 1386 3526 16.
1416 3498 1458 3509 -

334 3564 546 3647 Φρούρορχσς
570 3569 641 3644 433,
664 3577 703 3627 49.
744 3566 894 3645 caccone
918 3573 947 3624 tr
977 3559 1180 3639 (61861).
1415 3592 1417 3595 ·

417 3684 521 3746 pauca
549 3682 627 3727 sanc
655 3668 729 3726 sunt
752 3663 902 3743 exempla
930 3666 1029 3726 etex
1057 3658 1169 3742 paucis
1198 3657 1458 3740 inscriptionibus

333 3762 475 3843 collecta,
500 3780 631 3843 quarum
656 3758 738 3824 duae
761 3765 884 3823 tautum
907 3757 1014 3839 prisca
1035 3762 1195 3821 vetustate
1209 3755 1352 3838 insignes
1374 3762 1458 3819 sunt.
1513 3832 1515 3835 ⁴

333 3879 443 3925 omnes
472 3865 578 3922 autem
608 3856 704 3921 ctiam
737 3854 921 3919 vetustioris
950 3854 1126 3935 scripturae
1155 3853 1185 3913 O
1215 3873 1273 3935 pro
1304 3873 1342 3914 ou
1369 3850 1460 3915 adul·

334 3958 437 4021 terina
479 3956 644 4038 complura
681 3952 830 4034 exempla
874 3951 1031 4033 praebent
1074 3957 1201 4033 praeter
1239 3952 1277 4014 87
1316 3956 1347 4013 et
1385 3951 1457 4028 360,

334 4045 500 4135 utramque
522 4052 600 4117 satis
622 4052 761 4116 brevem.

418 4143 561 4230 οὐράς,
585 4148 619 4211 in
641 4168 703 4229 quo
720 4170 757 4211 ou
774 4146 1008 4229 diphthongum
1031 4142 1239 4225 productione
1261 4139 1459 4221 suppletoria

336 4253 434 4312 ortam
458 4265 528 4312 esse
551 4252 688 4328 apparet
710 4264 751 4310 ex
774 4240 871 4326 ὄρρος
893 4240 1036 4307 eiusdem
1059 4239 1176 4304 radicis
1198 4236 1369 4315 vocabulo,
1401 4255 1459 4318 per

386 4347 497 4405 (inerms,
513 4345 603 4385 Studien
618 4344 680 4384 Vlll.
1225 4340 1253 4390 16
