3575 5334
340 684 400 747 138
830 688 970 744 Merzdort

337 862 519 946 conjungit,
553 870 587 928 ut
615 862 675 928 boc
703 861 833 927 schema
861 861 979 927 oriatur
1005 860 1153 942 ἰοχύ-ος,
1183 860 1308 944 ἰσχύ-ῑ,
1339 862 1459 947 ἰοχύ-κ,

336 961 567 1026 altercantem
590 959 676 1024 illius
698 984 716 1022 ο
739 961 810 1024 loco
829 982 844 1024 ε
860 959 1010 1025 ostendit.
1041 959 1124 1025 Nam
1148 960 1273 1027 etiamsi
1296 962 1337 1026 in
1352 963 1460 1030 formis

337 1060 426 1125 velut
452 1059 607 1142 γλυκέος,
643 1058 766 1140 γλυκέα
793 1083 811 1122 ο
841 1057 950 1140 stirpis
976 1058 1076 1140 γλοκο
1105 1061 1370 1139 augmentatione
1397 1082 1458 1127 non

271 1238 272 1241 Ἴ
336 1156 422 1221 facta
443 1157 476 1221 in
500 1180 515 1221 ε
539 1155 705 1220 transiisse
732 1153 828 1219 statui
851 1160 957 1237 potest
985 1154 1035 1232 (cl.
1059 1153 1171 1220 ordre
1192 1176 1223 1239 p.
1247 1160 1323 1234 531)
1352 1166 1457 1225 tamen

336 1254 534 1337 probabilius
562 1251 640 1317 mibi
669 1250 795 1326 videtur
823 1271 949 1318 sumere
976 1258 1011 1316 ut
1039 1252 1155 1336 stirpes
1182 1254 1216 1317 in
1240 1278 1253 1318 ι
1275 1257 1406 1338 saepius
1426 1258 1457 1321 in

337 1375 369 1416 ει
391 1350 433 1434 ej,
466 1351 511 1415 sic
539 1350 656 1433 stirpes
683 1349 717 1412 in
746 1349 820 1413 vin
850 1373 886 1414 ευ
910 1373 949 1414 εκ
976 1357 1101 1431 auctas,
1130 1358 1243 1434 postea
1271 1359 1384 1418 tamen
1413 1354 1456 1417 di-

334 1467 464 1531 gamma
486 1448 636 1513 extritum
651 1466 723 1513 esse
736 1446 841 1512 vocali
862 1446 1065 1513 antecedenti
1087 1469 1152 1513 non
1173 1454 1269 1513 aucta
1289 1447 1457 1533 *ylvctsu

336 1542 497 1628 γλυκέα).
549 1544 675 1609 Dixerit
707 1545 844 1611 fortasse
875 1545 1034 1627 quispiam
1067 1564 1085 1610 e
1117 1543 1287 1629 *γλοκέκο
1320 1547 1456 1630 primum

335 1639 505 1726 *piverim
539 1648 604 1705 tum
638 1643 838 1725 correptione
872 1642 1046 1708 accedente
1080 1640 1202 1727 γλυκέα
1234 1643 1354 1709 factum
1388 1665 1456 1711 esse

336 1739 388 1815 (cf.
410 1737 590 1821 *notas-cg
613 1737 752 1827 πόληες)
780 1731 865 1823 quod
893 1740 1025 1805 minime
1053 1740 1204 1806 concedo.
1248 1742 1332 1806 Nam
1358 1742 1456 1825 siros

334 1836 381 1901 ita
403 1836 488 1902 lacta
510 1845 605 1918 esset,
628 1836 697 1903 sine
720 1837 816 1904 dubio
838 1837 926 1922 apud
944 1838 1116 1903 Homerum
1139 1838 1260 1903 formae
1281 1840 1456 1905 nonnullae

334 1933 415 1999 illud
438 1959 457 2020 η
482 1935 775 2017 praeseferentes
797 1935 885 2002 velut
906 1933 1071 2019 *γλοκῆες
1093 1931 1227 2020 *docco
1257 1943 1456 2002 occurrerent

335 2052 439 2114 neque
475 2052 585 2099 omnes
621 2040 698 2099 ante
733 2033 991 2099 terminationem
1029 2057 1044 2097 ε
1081 2033 1162 2098 illud
1203 2034 1454 2116 ostenderent⁶);

334 2138 502 2213 praeterea
530 2151 571 2198 ne
599 2132 632 2195 in
661 2132 774 2198 ceteris
802 2130 931 2213 quidem
962 2130 1107 2196 dialectis
1130 2132 1216 2195 ullae
1244 2131 1319 2197 talis
1341 2156 1362 2217 η
1385 2132 1455 2198 reli-

334 2230 430 2311 quiae
450 2230 651 2312 reperiuutur
679 2237 807 2312 praeter
828 2229 1098 2294 substantivorum
1125 2229 1291 2293 masculini
1315 2234 1347 2294 et
1370 2227 1455 2294 femi·

332 2328 400 2392 nini
422 2326 550 2408 generis
571 2327 713 2409 genetivi
734 2327 852 2392 formas
872 2325 1004 2407 atticas,
1027 2329 1115 2391 velut
1137 2323 1394 2411 adxcwn‘quod
1414 2324 1455 2391 ad

332 2422 490 2510 *crippus
512 2423 617 2489 redire
638 2424 782 2508 videtur3
810 2425 867 2490 sed
890 2444 960 2489 cum
984 2444 1025 2489 ne
1046 2424 1188 2489 neutrius
1209 2422 1338 2505 quidem
1361 2442 1454 2506 gene-

333 2523 418 2587 tivus
449 2522 482 2586 in
510 2545 593 2597 -εως
627 2523 768 2602 exeatb,
802 2541 907 2604 noque
939 2521 1101 2604 adjectiva
1128 2540 1199 2585 cum
1232 2521 1288 2585 illo
1318 2518 1453 2607 πήχεως

333 2624 511 2700 congruant
544 2619 595 2694 (cf.
628 2628 736 2684 temen
769 2620 848 2683 Lob.
881 2620 1001 2702 Phryn.
1031 2639 1062 2701 p.
1088 2621 1173 2699 247),
1206 2638 1257 2684 res
1278 2620 1386 2691 ¹aliter
1421 2637 1454 2684 sc

333 2716 454 2781 habere
490 2714 625 2780 videtur.
684 2716 754 2781 Nisi
798 2717 860 2782 his
903 2717 942 2780 in
984 2716 1152 2781 vocibus
1171 2716 1292 2786 ‚Ebelii
1331 2716 1384 2790 (K.
1421 2716 1453 2780 Z.

333 2814 378 2877 IV
412 2818 495 2901 171)
517 2812 707 2878 sententiam
735 2838 756 2877 κ
789 2813 998 2897 productione
1030 2814 1233 2897 progressiva
1268 2833 1409 2895 sequens
1436 2836 1453 2877 ο

332 2910 538 2994 produxisse,
570 2909 604 2973 id
637 2909 722 2991 quod
750 2909 820 2991 fieri,
845 2912 949 2993 potuit
978 2912 1169 2993 (Brugman,
1198 2910 1289 2975 Stud.
1311 2911 1357 2974 IV
1383 2915 1453 2988 135)

332 3008 517 3073 asciscimus
524 3055 532 3089 ,
556 3007 688 3091 cogitari
709 3016 814 3090 potest
835 3009 958 3074 Atticos
981 3009 1027 3075 eis
1048 3009 1223 3091 genetiuis,
1246 3009 1360 3090 quales
1383 3015 1455 3074 sunt

332 3104 465 3182 πόλεως
495 3101 609 3191 ὄφεως
638 3112 670 3169 et
699 3104 947 3170 declinationum
977 3107 1011 3170 in
1040 3131 1089 3183 -ις
1118 3114 1149 3173 et
1171 3108 1203 3171 in
1232 3129 1288 3183 -ος
1314 3106 1399 3171 inter
1420 3125 1454 3171 se

332 3204 540 3270 similitudine
563 3204 715 3286 deceptos
737 3200 873 3289 πήχεως
894 3210 930 3268 ut
951 3201 1085 3281 πόλεως
1107 3203 1304 3270 formavisse.

401 3410 422 3471 5)
450 3404 535 3460 Curtii
558 3404 721 3459 sententiam
745 3402 850 3469 (Grdz.³
867 3420 892 3473 p.
913 3406 973 3468 532)
997 3420 1050 3472 qua
1071 3408 1134 3459 ants
1156 3404 1319 3473 digammae
1341 3403 1456 3459 subditi·

333 3486 404 3542 cium
428 3490 518 3540 ortum
541 3500 600 3539 esse
620 3484 727 3553 judicat
744 3486 860 3552 probare
877 3498 995 3552 nequeo;
1014 3484 1137 3553 analogIa
1155 3487 1332 3553 cognatarum
1348 3484 1455 3553 lingua·

332 3584 392 3621 rum
418 3568 491 3620 velut
517 3566 569 3619 slrt.
596 3580 715 3619 suouoas
746 3564 833 3632 (juxta
857 3563 916 3618 ved.
943 3572 1079 3629 suco-ost,
1109 3564 1150 3618 zd.
1177 3562 1293 3618 olcus-as
1319 3592 1353 3611 =
1380 3569 1455 3630 αοΐιε,

298 3646 300 3649 ’
327 3662 463 3719 paruo-us
488 3673 521 3693 =
547 3646 689 3702 *noles-rr
714 3646 806 3701 πολέες
831 3648 863 3710 (Β
887 3650 935 3699 471
955 3648 1018 3709 stc.)
1043 3644 1120 3699 vend.
1151 3649 1190 3710 18,
1224 3651 1243 3710 Ι,
1269 3645 1317 3699 lat.
1342 3646 1457 3716 finctus

331 3728 455 3794 (Walter,
472 3726 505 3780 K.
524 3726 554 3781 Z.
573 3726 612 3779 IX
630 3730 699 3793 370),
718 3726 781 3780 slav.
799 3742 909 3794 synode,
930 3730 985 3795 got.
1003 3726 1124 3797 kuuclfiu
1141 3742 1190 3795 pro
1209 3724 1346 3781 *hundius
1362 3727 1456 3782 *λοκ-

332 3809 410 3863 divas
427 3806 600 3861 *landav-os
618 3806 704 3860 Curtii
721 3809 872 3862 sententiae
888 3807 1050 3875 refragatur.

401 3889 421 3954 8)
444 3888 483 3940 Of.
503 3887 581 3954 Greg.
601 3886 662 3939 Cor.
681 3903 707 3956 p.
728 3892 788 3941 439:
816 3885 961 3955 ἀπορήσειε
980 3885 1008 3937 δ’
1028 3884 1063 3937 ἄν
1080 3906 1121 3943 τις
1138 3890 1196 3943 πῶς
1214 3884 1262 3943 τὰς
1279 3886 1390 3955 γενικὰς
1407 3887 1457 3947 τὰς

255 4033 257 4036 ¹
332 3968 386 4023 ἀπὸ
410 3972 465 4020 τῶν
490 3966 527 4025 εἰς
548 3985 578 4023 ος
596 3966 711 4019 εὐθειῶν
729 3964 761 4019 οὐ
784 3969 958 4037 προφέρουσι
981 3966 1026 4019 dud
1052 3970 1100 4018 τοῦ
1119 3985 1166 4029 noc
1189 3956 1249 4018 οἶον
1275 3965 1358 4031 ridicu
1377 3965 1457 4032 ὂξῆος

332 4050 423 4117 ὥσπερ
440 4048 568 4115 βασιλῆος
589 4043 687 4113 οἰκῆος,
708 4063 776 4116 quae
791 4050 874 4103 verba
892 4050 959 4103 satis
976 4047 1159 4103 memorabilia
1176 4046 1323 4114 explicatio
1341 4042 1458 4105 mira'et

331 4130 507 4187 absurditatis
524 4128 608 4197 plena
623 4128 751 4197 sequitur.

400 4213 421 4275 7)
441 4206 544 4266 ἄστεως
560 4208 648 4263 forma
665 4224 735 4278 quae
753 4209 811 4263 sine
828 4208 910 4264 dubio
929 4225 962 4264 ex
979 4208 1104 4277 analogia
1122 4212 1182 4263 orta
1199 4213 1242 4263 est
1260 4213 1384 4279 excepta.
1421 4210 1457 4266 cf.

331 4291 502 4346 nuncetiam
519 4287 652 4345 Fleckeis.
671 4289 760 4345 annal.
781 4293 844 4344 1873
862 4307 889 4360 p.
911 4294 967 4343 157.
