3575 5334
480 699 513 752 de
530 696 683 753 nominibus
702 697 861 753 suffixorum
879 706 935 753 eue-
954 705 980 753 et
997 701 1081 754 111110-
1099 716 1150 770 ope
1168 701 1299 757 formatis.
1394 702 1454 761 371

376 870 592 952 oruputeutus:
629 871 789 935 Ammian.
812 892 832 935 a
854 860 953 937 111111.
985 873 1251 956 uapulauerant,
1280 873 1349 939 Liv.
1372 876 1414 940 al.

372 967 573 1049 purulentus:
595 967 718 1049 Scaea,
742 968 841 1033 Inscr.
857 989 877 1033 a
892 969 991 1034 subet.
1011 969 1142 1052 pucrulu-
1157 971 1272 1052 Plaut.,
1293 970 1356 1035 Cic.
1372 974 1414 1036 al.

419 1094 489 1160 Hae
512 1114 607 1159 voces
627 1095 768 1176 pruritu,
799 1096 944 1177 crepulo,
972 1096 1101 1178 poculo·
1123 1095 1166 1159 ad
1189 1095 1459 1163 deminutivorum

329 1192 554 1258 formationem
584 1199 744 1273 spectant,
775 1211 907 1271 quorum
936 1190 1022 1256 unde
1049 1199 1126 1257 nata
1154 1194 1218 1258 sint
1240 1194 1372 1259 nomina
1392 1198 1459 1261 non

331 1292 484 1357 existunt.

420 1388 477 1454 His
492 1387 686 1469 adjiciantur
701 1405 740 1449 ea
754 1387 886 1451 nomina
901 1407 921 1450 a
937 1386 1119 1451 nominibus
1131 1386 1334 1455 deminutivie
1351 1389 1461 1473 ducta,

331 1505 466 1568 quorum
488 1486 619 1550 nomina
641 1483 833 1566 principalia
854 1484 974 1548 tradita
994 1484 1173 1550 inveneris:

376 1601 551 1685 oquiturtuo
572 1599 663 1663 Varr.
686 1619 706 1663 a
727 1598 826 1662 subst-
851 1599 965 1682 oquula
987 1603 1093 1682 (uquu)
1122 1599 1236 1681 Plaut.‚
1260 1600 1324 1667 Cic.

365 1697 568 1780 faeculentus
591 1695 668 1775 OoL,
700 1695 783 1761 Cels.
808 1716 828 1759 a
849 1695 949 1760 subet.
969 1694 1103 1777 saecuto
1126 1695 1244 1778 (suec-t
1272 1698 1348 1763 Hor.
1371 1701 1415 1765 al.

366 1794 597 1877 sebru'culentuo
612 1794 708 1857 Marc.
722 1794 814 1873 Emp.
827 1812 847 1856 a
858 1792 959 1857 subet.
967 1791 1130 1873 febricula
1147 1793 1278 1876 (Μή-1
1295 1795 1358 1861 oio.
1371 1798 1413 1861 nl.

373 1892 565 1975 plcbuleutuo
586 1890 682 1972 Apul.
706 1909 726 1953 a
748 1890 846 1954 subet.
867 1888 990 1970 plebulu
1013 1889 1125 1971 (plebe)
1147 1891 1229 1955 Plin.
1253 1893 1296 1957 al.
1505 1893 1508 1897 ’

417 2005 544 2071 Deinde
572 2005 730 2074 accedunt
757 2002 919 2086 adjectiva
947 2004 1121 2085 quaedam,
1152 1999 1284 2086 quorum
1313 2027 1396 2089 quae
1418 2009 1459 2073 si-

330 2104 419 2168 milia
448 2110 521 2169 sunt
550 2102 681 2167 nomina
707 2100 905 2165 deminutiva
927 2119 968 2165 ex
996 2100 1171 2183 posteriore
1201 2102 1329 2168 demum
1351 2112 1459 2171 aetate

330 2208 520 2267 conservata
541 2199 686 2281 legimus.
731 2198 812 2263 Sunt
834 2199 919 2263 enim
941 2198 1037 2263 haec:

374 2314 570 2377 bucculeutuo
591 2313 694 2378 Plaut.
718 2334 738 2377 a
760 2313 860 2377 subet.
883 2313 1010 2375 buccula
1033 2312 1150 2390 (bucco)
1177 2314 1246 2379 Liv.
1269 2315 1312 2379 al.

363 2411 583 2495 sorluuleutus
605 2411 701 2493 Apul.
723 2431 743 2474 a
765 2410 864 2474 subet.
883 2408 1034 2491 suru'nulu
1058 2408 1187 2491 Vulgat.

366 2508 581 2592 frustulentam
603 2508 706 2572 Plaut.
730 2526 750 2570 a
772 2506 871 2570 subet.
883 2505 1047 2589 frutetulo·
1069 2508 1166 2590 Apul.

372 2606 555 2690 pestilentuu
576 2607 675 2670 Laev.
700 2604 741 2668 ab
763 2601 830 2685 adj.
849 2606 972 2687 pestili-
994 2605 1117 2688 (perti-t
1139 2605 1259 2670 Arnob.

371 2704 561 2787 pisculentus
582 2703 686 2767 Plaut.
703 2700 792 2782 Cato,
815 2702 857 2765 al.
874 2724 894 2767 a
910 2703 1008 2767 subet.
1029 2703 1166 2785 proculo·
1188 2704 1309 2786 (putet)
1333 2702 1456 2773 Charis.

374 2802 564 2862 temulentus
585 2799 735 2865 Prudent.
760 2818 780 2862 a
802 2800 902 2865 subet.
926 2800 1047 2861 terrula
1070 2798 1147 2865 uod.
1169 2801 1251 2867 Just.

374 2897 567 2959 turbulentus
590 2895 654 2960 Cic.
677 2896 719 2959 al.
742 2915 763 2959 a
785 2896 882 2961 subet.
908 2896 1032 2959 turbulu
1055 2897 1151 2979 Apul.

417 3013 467 3076 Ex
488 3010 538 3075 his
560 3009 656 3091 igitur
678 3009 861 3076 nominibus
883 3011 1034 3092 sequitur,
1064 3017 1099 3075 ut
1127 3003 1358 3092 adjectivorum
1379 3036 1455 3097 pru-

332 3110 468 3179 or'lcutuo,
494 3108 676 3191 aquilerutuo,
700 3107 896 3169 bucculeutue
918 3114 1094 3173 ceterorum
1111 3126 1189 3172 vera
1211 3110 1391 3176 terminatio
1414 3113 1456 3178 sit

332 3215 443 3281 cutus,
467 3225 532 3269 nou
548 3205 663 3266 -leutuo
677 3206 728 3270 vel
745 3206 881 3267 -uleutuo
896 3206 1056 3279 (elautus).
1080 3239 1122 3249 -
1143 3203 1217 3268 Jam
1240 3205 1338 3270 oritur
1360 3227 1455 3287 quae-

331 3303 391 3369 stio
413 3301 568 3367 haunita
590 3301 702 3384 facilis,
726 3302 884 3385 quomodo
907 3301 1024 3365 factum
1040 3301 1089 3379 111,
1113 3305 1147 3364 ut
1169 3308 1356 3383 ceterorum,
1379 3324 1455 3386 quo-

330 3422 397 3465 rum
421 3400 470 3464 111
492 3400 592 3463 multo
614 3400 717 3481 major
740 3405 861 3481 exstat,
890 3397 1053 3481 primitiva
1075 3397 1204 3479 quidem
1226 3399 1371 3482 nomina,
1400 3401 1454 3467 de·

330 3496 487 3562 minutiva
508 3516 593 3578 vero,
617 3516 636 3560 a
659 3497 772 3576 quibus
795 3497 859 3562 sint
881 3495 1036 3575 derivata,
1062 3516 1127 3559 non
1149 3496 1358 3579 reperiantur.
1402 3497 1454 3562 Ad

330 3615 425 3677 quam
447 3612 515 3658 rem
537 3593 761 3659 illustrandam
784 3594 864 3659 haec
886 3592 1000 3673 habeo,
1024 3613 1106 3675 quae
1129 3613 1283 3676 promam.

415 3691 521 3756 Primo
550 3690 693 3773 quidem,
725 3696 760 3755 ut
789 3697 914 3755 taceam
935 3690 1003 3755 veri
1026 3709 1098 3756 esse
1119 3690 1332 3773 simillimum,
1360 3690 1454 3776 plura

329 3789 487 3854 vocabula
509 3788 542 3851 in
565 3809 623 3853 usu
645 3788 759 3871 luisse,
783 3807 878 3869 quam
900 3807 982 3869 quae
1004 3786 1091 3870 apud
1113 3787 1283 3871 scriptores
1305 3788 1347 3853 ad
1369 3790 1454 3855 hano

329 3893 466 3952 aetatem
493 3891 621 3950 1611111
648 3886 810 3967 legamus,
843 3884 1110 3950 deminutivorum
1140 3905 1306 3950 numerum
1334 3886 1367 3949 in
1389 3906 1454 3951 161-

328 4002 425 4048 mone
453 3981 582 4065 plebejo
611 3982 710 4047 tuisse
741 4000 845 4063 paene
873 3981 1140 4047 innumerabilem
1168 3982 1363 4047 monendum
1394 3991 1451 4048 est.

330 4080 387 4158 (ef.
419 4074 686 4145 deminutivorum
714 4098 864 4158 magnam
892 4077 974 4160 vim,
1004 4098 1086 4160 quae
1115 4078 1202 4160 apud
1230 4079 1378 4143 Plautum
1405 4080 1453 4144 in·

330 4178 474 4259 venitur;
496 4177 598 4240 multa
618 4176 748 4257 collegit
768 4176 834 4239 Leo
850 4176 969 4258 Meyer,
992 4196 1039 4257 gr.
1056 4195 1157 4258 comp.
1180 4175 1222 4257 II,
1247 4195 1278 4257 p.
1296 4179 1357 4240 592
1369 4180 1451 4258 sqq.)

331 4272 472 4352 Quorum
493 4273 639 4356 plurimis
656 4272 701 4338 uti
717 4273 886 4355 scriptores
902 4272 1109 4355 dubitabant;
1133 4291 1197 4336 non
1220 4271 1334 4339 eodem
1355 4272 1452 4337 modo
