3575 5334
641 702 673 756 de
691 702 806 758 dialecto
825 701 918 757 Attica
935 702 1089 758 vetustiore.
1124 704 1158 756 II.
1355 756 1358 761 .
1397 704 1457 766 431

337 872 427 938 doles
449 878 482 939 et
503 872 619 957 stirpes
647 875 680 937 in
708 874 899 957 primigenia
921 874 1018 940 totius
1045 875 1177 957 linguae
1204 876 1328 949 unitate
1354 896 1460 960 paene

334 970 490 1051 latentes,
525 989 596 1035 cum
624 970 684 1036 soli
713 971 858 1054 caelique
885 969 1070 1038 discrimine
1101 979 1214 1039 auctae
1246 973 1460 1054 frequentiore

335 1067 569 1133 cousuetudine
591 1066 744 1149 loquendi
765 1068 884 1134 sensim
900 1076 1128 1149 accrescerent,
1151 1070 1289 1136 maiores
1311 1070 1458 1138 differen-

335 1166 397 1230 tias
419 1171 451 1231 et
473 1171 546 1248 post
568 1165 666 1247 longa
687 1165 793 1248 spatia
815 1166 968 1249 temporis
984 1165 1115 1232 tandem
1131 1166 1276 1233 diversas
1291 1168 1457 1249 dialectos,

336 1282 415 1345 quas
438 1269 585 1328 accurate
616 1262 811 1345 distinguere
833 1263 1007 1347 possimus,
1038 1263 1192 1330 effecisse.
1236 1284 1299 1347 qua
1322 1266 1460 1332 ramira

334 1359 402 1441 illa,
427 1378 521 1442 quam
544 1351 749 1425 Hermannus
772 1378 842 1425 esse
864 1360 975 1442 voluit,
998 1358 1228 1443 conglutinatio
1245 1362 1371 1429 Atticae
1392 1363 1459 1429 dia·

334 1456 409 1521 lecti
431 1456 485 1521 vix
507 1456 653 1538 cuiquam
676 1456 825 1539 placebit
869 1476 975 1538 neque
997 1477 1036 1524 ea
1057 1457 1179 1540 adhuc,
1205 1466 1357 1540 quantum
1380 1459 1458 1540 vidi,

334 1554 376 1618 ab
409 1554 483 1620 aliis
514 1559 644 1636 recepta
676 1557 735 1618 est.
789 1554 1062 1621 Buttmannus
1096 1555 1241 1638 quidem,
1275 1556 1458 1633 ,Ausidhrb

332 1650 453 1733 griech.
482 1649 751 1734 Sprachlehre“²,
784 1652 816 1732 I,
840 1656 921 1734 lsq.
956 1671 1027 1717 eam
1057 1653 1294 1734 quaestionem,
1326 1653 1368 1721 de
1395 1674 1460 1737 qua

335 1747 471 1829 agimus,
493 1747 548 1811 vix
570 1746 684 1828 attigit,
708 1748 765 1812 sed
788 1748 928 1814 breviter
943 1749 1020 1814 dicit
1035 1750 1199 1817 Atthidem
1223 1750 1263 1817 de
1277 1750 1357 1817 Iade
1379 1750 1461 1817 deri·

334 1850 442 1909 vatam
466 1850 511 1925 et,
542 1864 613 1910 cum
635 1845 676 1909 ab
698 1844 949 1911 Atheniensibus
971 1846 1196 1914 liberalissimo
1219 1855 1250 1913 et
1271 1848 1460 1931 ingeniosis·

333 1942 414 2007 simo
431 1941 536 2007 studio
552 1941 765 2022 excoleretur,
784 1962 902 2008 novam
917 1942 1089 2009 dialectum
1105 1944 1222 2009 iactam
1238 1964 1318 2011 esse.
1355 1964 1458 2028 neque

333 2038 428 2104 aliter
451 2037 584 2103 duorum
607 2038 745 2103 virorum
769 2036 948 2120 doctorum,
970 2041 1127 2122 aquibus
1149 2042 1223 2106 libri
1246 2041 1287 2107 de
1309 2042 1459 2108 universa

333 2134 542 2218 grammatica
564 2136 691 2202 Graeca
716 2135 883 2219 compositi
903 2136 1009 2202 vhodie
1036 2137 1195 2220 frequenti
1223 2139 1257 2203 in
1286 2158 1344 2204 usu
1373 2145 1456 2218 sunt,

333 2240 447 2300 neuter
461 2233 680 2319 Hermannum
704 2238 830 2299 secutus
845 2239 903 2299 est.
936 2253 1067 2316 quorum
1090 2235 1181 2316 alter,
1204 2235 1245 2299 K.
1262 2235 1311 2300 W.
1330 2235 1457 2302 Kruc·
1514 2225 1516 2229 ¹

332 2350 469 2414 gerus,
486 2330 635 2409 ,Griecb
651 2329 865 2413 Spracblehre
880 2330 930 2394 ldr
944 2330 1116 2410 Schulen“,
1133 2331 1347 2420 1⁴,1‚p.3sq.
1370 2333 1457 2398 Butt-

333 2429 443 2495 manni
458 2428 649 2494 modestiam
664 2427 762 2493 etiam
777 2427 950 2510 superavit,
973 2447 1044 2492 cum
1060 2428 1141 2493 nihil
1156 2428 1245 2494 aliud
1262 2427 1383 2495 diceret
1397 2429 1456 2496 nisi

333 2545 514 2593 sermonem
529 2525 668 2591 Atticum
685 2525 795 2608 quinto
813 2525 921 2590 seculo
936 2545 964 2590 a.
982 2525 1055 2591 Chr.
1071 2546 1103 2589 n.
1125 2544 1280 2608 perquam
1301 2525 1456 2594 floruisse.

332 2624 432 2704 alter,
462 2624 500 2687 R.
523 2621 779 2702 Kuehnerus,
810 2622 1056 2699 ,Ausfttbrliche
1080 2621 1221 2692 Gramm.
1252 2621 1309 2688 der
1336 2622 1456 2706 grieob.

332 2720 530 2804 Sp1·achc“²,
554 2720 585 2803 I,
609 2741 640 2803 p.
667 2723 704 2785 18
720 2740 766 2802 sq.
801 2738 890 2799 sano,
914 2740 976 2802 quo
998 2720 1106 2801 utitur,
1133 2719 1250 2785 iudicio
1273 2720 1333 2786 etsi
1354 2720 1457 2785 Atthi-

333 2817 407 2883 dem
431 2837 471 2883 ex
485 2816 564 2883 Iade
587 2824 689 2881 ortam
712 2835 782 2882 esse
804 2815 960 2898 concedit,
984 2822 1091 2882 tamen
1114 2823 1199 2883 recte
1222 2816 1299 2882 dicit
1318 2817 1352 2882 in
1374 2837 1459 2884 com·

331 2915 477 2998 pluribus
519 2914 616 2979 rebus
651 2914 774 2979 Atticos
809 2913 978 2980 vetustatis
1013 2914 1192 2980 tenaciores
1229 2913 1327 2980 luisse
1363 2934 1458 2997 quam

333 3019 458 3078 ceteros
478 3012 590 3091 Iones,
614 3030 642 3077 e.
664 3031 696 3094 g.
717 3030 789 3076 cum
812 3033 834 3073 α
856 3009 1001 3092 longam,
1025 3030 1120 3092 quam
1141 3011 1237 3076 Iones
1258 3010 1292 3073 in
1314 3034 1334 3094 η
1357 3019 1457 3077 muta-

332 3116 422 3189 runt,
455 3108 639 3174 retinerent.
689 3107 747 3174 sed
780 3127 843 3190 qua
875 3107 999 3172 ratione
1033 3106 1190 3171 dialectus
1221 3107 1329 3171 Attica
1360 3107 1457 3173 modo

332 3205 460 3288 longius
488 3203 584 3270 modo
612 3205 743 3288 propius
772 3224 866 3287 quam
889 3202 1001 3268 Ionica
1029 3222 1050 3267 a
1077 3203 1210 3286 pristino
1238 3209 1270 3268 et
1298 3206 1457 3270 communi

332 3308 419 3368 statu
440 3302 555 3368 abesse
571 3301 785 3368 existimanda
806 3300 857 3383 sit,
880 3318 922 3366 ne
937 3300 1130 3366 Kuehnerus
1151 3299 1280 3381 quidem
1302 3301 1381 3367 satis
1403 3321 1457 3369 ex·

331 3398 475 3483 plicavit.
1403 3473 1406 3477 ⁴

419 3496 503 3560 hanc
534 3495 683 3560 lacunam
715 3495 852 3562 fortasse
882 3493 1001 3579 aliquis
1032 3500 1124 3577 putat
1160 3513 1261 3576 nuper
1293 3494 1456 3578 expletam

333 3611 448 3659 ossea
471 3591 594 3657 duobus
621 3592 699 3658 viris
728 3591 845 3673 doctis,
876 3593 930 3674 qui
959 3591 999 3658 de
1027 3591 1150 3674 origine
1178 3590 1308 3656 dialecti
1332 3590 1459 3657 Atticae

331 3689 546 3755 accuratiores
572 3688 776 3771 quaestiones
802 3688 1025 3771 instituerunt,
1059 3687 1214 3770 Hemogio
1244 3694 1277 3753 et
1305 3687 1457 3770 Bergkio.

332 3786 391 3852 sed
414 3786 603 3867 quantulum
626 3804 734 3852 eorum
765 3805 863 3869 opera
891 3786 1037 3853 effectum
1059 3787 1116 3867 sit,
1145 3784 1240 3850 facile
1267 3783 1457 3851 videbimus.

333 3884 470 3969 primam
504 3882 695 3965 Herzogii
735 3884 918 3965 opinionem
957 3889 1152 3967 spectemus,
1190 3901 1272 3964 qnae
1308 3881 1342 3945 in
1377 3881 1458 3947 actis

333 3980 455 4047 XXVI.
478 3986 656 4047 conventus
678 3978 911 4063 philologorum
934 3987 967 4047 et
987 3978 1248 4063 paedagogorum
1264 3978 1459 4044 Germaniae

334 4077 610 4160 wirceburgensis
644 4079 751 4154 (1869)
785 4098 817 4160 p.
842 4081 902 4141 100
923 4096 992 4159 sqq.
1024 4075 1142 4159 publici
1175 4076 1252 4141 iuris
1284 4074 1369 4140 lacta
1400 4081 1457 4140 est.

335 4194 468 4241 exorsus
496 4173 592 4256 igitur
613 4194 634 4238 a
656 4172 742 4239 dicto
769 4164 825 4239 illo
853 4173 1036 4254 Strabonis,
1069 4170 1154 4255 quod
1187 4190 1284 4255 supra
1315 4176 1358 4254 (p.
1382 4173 1458 4247 429)

334 4269 477 4352 laudavi,
500 4269 549 4334 vir
571 4269 682 4336 doctus
704 4276 931 4339 commemorat
952 4289 1023 4336 eum
1047 4269 1154 4336 dicere
1168 4267 1458 4334 sermonemrltbe·

387 4370 503 4418 cunnus,
521 4370 612 4411 Studien
630 4370 692 4411 VIII.
1220 4370 1252 4419 28
