3575 5334
415 1649 489 1713 Non
511 1650 611 1713 multo
638 1654 726 1731 post,
756 1668 851 1730 quam
880 1668 957 1731 pars
984 1648 1070 1731 prior
1098 1648 1212 1713 harum
1234 1650 1455 1731 quaestionum

328 1747 416 1831 typis
444 1748 600 1828 impressa
622 1754 707 1825 erat,
738 1746 939 1828 spicilegium
961 1745 1123 1828 quoddam
1150 1748 1393 1827 grammaticum
1421 1748 1455 1812 in

329 1864 443 1909 manus
465 1864 555 1910 meas
578 1845 734 1927 pervenit,
758 1843 843 1925 quod
866 1863 907 1908 ex
929 1843 1031 1926 primo
1050 1843 1107 1907 illo
1130 1845 1293 1911 volumine
1314 1846 1456 1928 corporis

329 1941 572 2024 inscriptionum
600 1941 776 2006 Atticarum
806 1938 991 2024 decerptum
1021 1940 1173 2005 Albcrtus
1206 1962 1227 2006 a
1255 1942 1457 2025 Bamberg

328 2039 362 2103 in
385 2039 588 2115 „Zeitschrift
609 2039 659 2103 ihr
680 2038 739 2103 das
762 2038 1093 2121 Gymnasialwesen“‚
1126 2040 1218 2119 1874,
1248 2059 1279 2121 p.
1303 2044 1365 2105 616
1387 2060 1455 2122 sqq.

328 2135 485 2213 ediderat.
529 2137 674 2218 quicum
697 2136 855 2217 ampliore
876 2153 1011 2201 recensu
1036 2153 1093 2215 ea,
1122 2153 1205 2216 quae
1234 2134 1277 2199 ad
1305 2137 1455 2218 cognitio-

329 2252 403 2298 nem
434 2232 564 2299 dialecti
586 2233 713 2299 Attioae
741 2232 937 2316 pertinentia
965 2231 1185 2308 t„Tatsachen
1211 2232 1269 2298 der
1295 2234 1455 2299 attischen

329 2331 559 2396 Formenlehre
567 2335 590 2407 “t
613 2349 700 2395 anno
726 2332 806 2395 1873
831 2329 1033 2410 deberentur,
1063 2336 1242 2411 enarraret,
1265 2350 1331 2395 non
1352 2331 1456 2414 potuit

329 2428 552 2510 inscriptiones
594 2429 785 2494 vetustiores
821 2448 842 2493 a
878 2425 1076 2492 Kirchhoifio
1111 2427 1264 2493 collectas
1299 2427 1334 2492 in
1370 2430 1455 2494 hunc

329 2517 494 2591 numerum
516 2547 581 2591 non
603 2525 729 2591 referre.
767 2524 843 2608 quin
866 2525 964 2591 etiam
986 2524 1090 2606 qualis
1111 2523 1232 2591 fructus
1254 2544 1295 2590 ex
1318 2526 1364 2592 eis
1386 2546 1455 2609 per·

329 2625 390 2707 cipi
425 2632 548 2707 posset,
582 2623 798 2706 compluribus
832 2621 990 2705 exemplis
1021 2623 1184 2689 luculente
1212 2623 1454 2689 demonstravit.

330 2742 412 2804 quae
443 2728 478 2785 ut
509 2721 543 2786 in
577 2720 801 2786 dissertatione
833 2740 908 2785 mea
939 2721 1168 2803 neglegerem,.
1195 2721 1346 2802 quoniam
1379 2740 1456 2786 casu

330 2840 442 2903 parum
470 2818 609 2884 iucundo
639 2818 757 2883 iactum
786 2825 850 2898 est,
887 2817 988 2899 hanc,
1022 2837 1118 2899 quam
1147 2816 1266 2883 invitus
1302 2818 1455 2900 commisi,

330 2917 456 3000 culpam
478 2936 563 2981 nunc
585 2916 630 2979 ita
651 2915 810 2980 redimere
832 2913 956 2996 studui,
985 2920 1019 2979 ut
1042 2916 1199 2999 exemplis
1221 2936 1241 2980 a
1263 2915 1455 2997 Bambergio

330 3015 453 3093 allatis,
478 3021 635 3095 quatenus
657 3012 700 3076 ad
722 3012 930 3096 posteriorem
953 3018 1076 3094 partem
1098 3012 1210 3076 harum
1233 3013 1454 3094 quaestionum

330 3117 525 3195 spectarent,
559 3110 729 3192 diligenter
762 3115 877 3173 uterer.
929 3113 1034 3173 cetera
1062 3108 1141 3174 satis
1169 3108 1267 3173 habui
1296 3108 1455 3174 hocloco

330 3229 532 3289 enumerare,
567 3228 637 3273 cum
671 3209 762 3272 nulla
794 3224 892 3271 causa
924 3203 1119 3269 adversandi
1151 3205 1185 3270 in
1219 3204 1265 3270 eis
1298 3205 1375 3270 data
1403 3206 1455 3271 sit.

330 3330 403 3373 nam
427 3306 690 3390 quodille(1.l.
714 3309 787 3382 6211)
811 3298 965 3382 depasci
987 3301 1120 3365 formam
1143 3302 1347 3368 vetustiorem
1370 3310 1455 3369 reete

329 3425 364 3471 se
385 3406 506 3471 habere
527 3403 613 3483 dicit,
637 3403 756 3485 optime
778 3398 929 3465 convenit
944 3419 1014 3464 cum
1033 3398 1089 3480 eis,
1113 3418 1195 3481 quae
1217 3399 1258 3464 de
1280 3400 1340 3465 hoc
1362 3420 1454 3465 voca·

330 3504 403 3568 bulo
434 3511 465 3569 et
494 3501 535 3565 de
565 3498 790 3565 constrictione
813 3521 843 3560 ει
872 3495 1064 3579 diphthongi
1091 3496 1162 3579 ipse
1190 3516 1288 3580 supra
1314 3518 1368 3580 pp.
1392 3500 1453 3561 251

330 3606 361 3665 et
383 3604 446 3663 272
461 3618 507 3680 sq.
537 3598 640 3663 attuli.
685 3614 879 3678 quamquam
901 3593 1033 3673 rationi,
1063 3613 1127 3674 qua
1149 3614 1225 3659 usus
1246 3594 1455 3676 Bambergius

328 3697 430 3762 tribus
451 3696 530 3760 locis
553 3693 642 3778 apud
660 3692 855 3775 Aeschylum
877 3691 992 3767 (Prom.
1016 3694 1089 3756 338.
1112 3693 1186 3767 618)
1209 3696 1242 3755 et
1262 3690 1454 3774 Sophoclem

330 3794 392 3871 (Αἱ.
418 3797 511 3867 1032)
540 3792 632 3857 nulla
653 3788 846 3855 necessitate
868 3793 996 3853 coactus
1019 3784 1158 3869 δωρειάν
1186 3788 1354 3854 restituere
1375 3790 1453 3870 vult,

330 3892 431 3957 libere
451 3889 601 3956 assentiri
624 3889 678 3952 vix
700 3890 814 3954 ausim.
858 3885 978 3953 deinde
999 3878 1175 3968 ὠφελία,
1205 3885 1246 3950 de
1269 3904 1332 3967 qua
1353 3885 1455 3950 forma

329 4008 427 4071 supra
450 4009 481 4070 p.
497 3990 558 4051 273
575 4006 622 4067 sq.
644 3988 739 4068 plura
760 3985 838 4067 dixi,
861 3982 1071 4064 Bambergius
1093 4001 1219 4065 quoque
1240 3983 1263 4046 l.
1284 3982 1306 4046 l.
1330 3984 1391 4046 617
1406 4001 1453 4063 sq.

331 4090 558 4150 commemorat
590 4084 699 4149 allatis
731 4083 894 4149 nonnullis
927 4080 1085 4162 exemplis
1122 4100 1163 4145 cx
1195 4078 1286 4162 poesi
1317 4078 1453 4160 scenica,

331 4183 446 4264 quibus
468 4201 544 4246 usus
565 4180 730 4261 utriusque
750 4180 881 4261 formae,
906 4174 1052 4261 ὠφέλεια
1066 4184 1099 4241 et
1114 4171 1253 4261 ὠφελία,
1276 4175 1455 4241 accuratius

331 4278 467 4346 describi
491 4278 600 4362 possit.
645 4278 710 4342 iam
732 4296 808 4343 vero
831 4274 1020 4356 οἰκτίρας
1045 4272 1248 4356 participium
1269 4272 1378 4339 aoristi
1398 4272 1455 4337 ille

1198 4372 1251 4424 se*
