3575 5334
701 702 735 756 de
753 702 835 771 alpha
851 702 992 759 intensive.
1367 701 1406 764 91

280 876 400 958 videat,
424 894 467 940 ne
488 873 553 941 siut
573 873 668 939 aliter
689 872 892 956 explicanda.
936 877 983 942 Ac
1004 877 1166 945 Sanecrito
1191 878 1239 945 illi
1265 880 1407 964 praefixo

280 969 480 1056 respondent
501 970 765 1038 Palaeosloven.
782 989 841 1060 rga,
864 991 925 1051 aa,
947 978 1009 1053 ab,
1032 974 1161 1042 Boruss.
1177 996 1242 1056 oen,
1265 978 1326 1046 Lit.
1348 998 1407 1065 ηε,

280 1091 342 1148 so,
375 1089 438 1149 εν,
472 1068 628 1135 Graecum
650 1062 699 1147 ἆ-,
728 1063 776 1146 ἆ-,
807 1064 853 1147 ὀ-,
882 1088 901 1135 e
930 1069 1044 1152 quibus
1073 1067 1095 1136 ἆ
1119 1071 1243 1141 duobus
1270 1082 1408 1142 tantum·

280 1164 377 1233 modo
404 1166 440 1231 in
468 1165 627 1249 exemplis
648 1172 808 1232 servatum
832 1172 896 1233 est:
933 1163 1081 1252 ἁθρόος
1103 1176 1136 1235 et
1157 1166 1265 1250 ἅ-ιτας
1287 1175 1407 1258 aspira-

279 1264 369 1330 tione
383 1263 417 1328 in
436 1262 551 1329 ceteris
567 1262 718 1329 delenita.
741 1263 885 1330 Joannes
903 1263 1098 1332 Schmidtius
1114 1273 1231 1352 autem,
1257 1269 1298 1335 de
1314 1289 1407 1354 cogn.

278 1360 361 1444 ling.
382 1359 452 1443 Idg.
477 1363 514 1423 21
546 1359 631 1425 huuc
660 1379 786 1443 quoque
808 1379 1008 1427 communem
1031 1362 1224 1430 Graecorum
1246 1364 1407 1431 Ariorum-

280 1476 344 1542 que
366 1477 458 1523 usum
481 1477 545 1523 non
574 1457 718 1541 neglexit
743 1457 777 1522 in
800 1477 891 1523 suam
919 1478 986 1525 rem
1008 1466 1194 1528 convertere
1216 1482 1407 1546 comparans

280 1551 468 1640 d-deilpo'ss
498 1562 529 1621 et
550 1554 677 1621 Sauscr.
700 1553 911 1639 so-par-bbja.

367 1652 435 1718 Hoc
456 1651 632 1735 praefixum
649 1652 805 1719 Graecum
828 1652 908 1717 nibil
931 1652 1020 1719 aliud
1041 1674 1112 1721 esse
1133 1656 1196 1721 nisi
1210 1656 1290 1721 illud
1306 1658 1408 1741 alpha

279 1746 516 1835 ἀθροιστικόν,
540 1749 624 1832 quod
643 1750 713 1833 jam
735 1756 860 1815 veteres
881 1752 1080 1833 grammatici
1102 1759 1270 1837 noverunt,
1294 1775 1407 1838 perse

278 1853 372 1932 patet
392 1866 497 1930 neque
519 1848 721 1913 enarratione
744 1847 884 1932 omnium
908 1849 1127 1931 exemplorum
1150 1869 1230 1934 opus
1252 1856 1316 1933 est,
1340 1852 1408 1934 qui·
1494 1903 1497 1910 .

278 1946 341 2010 bus
363 1944 464 2027 alpha
491 1944 707 2027 copulativam
735 1943 829 2009 tribui
853 1944 946 2010 solet.
989 1944 1106 2012 Nostro
1127 1947 1198 2011 loco
1221 1966 1261 2013 ea
1282 1953 1405 2013 tantum

278 2040 509 2127 perlustranda
537 2046 612 2107 sunt
640 2042 754 2123 quibus
782 2040 882 2125 alpha
903 2041 1095 2107 intensivum
1119 2044 1250 2109 subesse
1271 2046 1325 2110 vel
1354 2066 1406 2112 ve-

277 2146 367 2206 teres
387 2139 576 2223 interpretes
599 2145 777 2205 statuerunt
797 2139 851 2203 vel
879 2138 1072 2206 recentiores
1094 2138 1277 2206 etiamnunc
1300 2141 1406 2208 deien-

280 2237 373 2320 dunt,
397 2255 459 2318 quo
480 2236 515 2301 in
536 2255 654 2318 genere
672 2236 742 2319 jam
758 2235 995 2302 demonstrasse
1014 2235 1107 2302 nobis
1121 2236 1275 2320 videmur,
1299 2258 1407 2320 quem-

279 2333 457 2400 admodum
488 2334 585 2400 etiam
617 2354 638 2398 a
671 2334 855 2416 copulativa
887 2334 1019 2398 notione
1047 2332 1090 2398 ad
1122 2334 1317 2400 intensivam
1351 2358 1406 2419 pa-

277 2437 348 2497 teat
380 2430 541 2497 transitus.
590 2432 674 2509 Tota
701 2436 807 2497 autem
836 2431 996 2496 vocabula
1023 2432 1200 2514 composita
1228 2433 1255 2497 si
1283 2434 1407 2515 quaesi·

278 2528 367 2595 veris
388 2526 496 2611 qualia
514 2528 578 2595 siut
591 2528 612 2595 i.
629 2548 656 2594 e.
680 2547 760 2610 quas
781 2526 824 2593 ad
842 2528 963 2594 classes
986 2527 1177 2612 pertineant,
1200 2538 1294 2614 prout
1308 2551 1407 2597 mem-

278 2627 341 2692 bra
362 2625 540 2709 posteriora
561 2632 617 2691 aut
637 2626 815 2691 uomiualla
832 2631 907 2691 suut
929 2632 984 2691 aut
1006 2626 1159 2709 verbalia,
1183 2633 1239 2692 aut
1260 2629 1406 2695 substan-

277 2723 348 2791 tiva
370 2729 425 2789 aut
445 2721 618 2806 adjectiva,
640 2724 757 2806 partim
781 2722 1029 2790 determinativa
1050 2724 1228 2807 composita
1249 2745 1406 2809 agnosces

277 2821 398 2907 partim
421 2819 622 2903 attributiva3
646 2840 744 2885 uuum
767 2821 987 2886 tautummodo
1009 2821 1173 2904 regiminis
1195 2823 1405 2906 compositum

276 2918 400 2985 iuveni.
445 2917 536 2997 Quae
563 2919 625 2983 buc
653 2918 814 3002 pertinent
841 2919 992 3002 exempla
1020 2918 1221 2985 omniafere
1250 2928 1323 2986 suut
1352 2919 1407 2988 de·

277 3016 495 3084 terminativa.

370 3168 399 3241 1)
434 3158 567 3247 ὂὶβιο-ς.

277 3312 436 3396 Harpocr.
468 3332 494 3378 s.
524 3331 554 3377 v.
584 3310 642 3376 τὸν
675 3305 773 3392 ἄβιον
800 3306 964 3394 Ἀντιφῶν
997 3304 1054 3372 erni
1082 3314 1142 3373 τοῦ
1171 3306 1300 3374 notio
1328 3314 1405 3393 βίον

278 3412 486 3494 κεκτημένου
517 3406 642 3489 ἔταξεν,
671 3404 784 3491 ὥςπερ
805 3402 954 3493 Ὅμηρος
984 3401 1103 3486 ἄξειαν
1130 3402 1210 3491 ὕλην
1232 3405 1323 3491 λέγει
1344 3406 1405 3494 τὴν

277 3504 478 3587 πολύξαλαν.
522 3506 661 3591 Hesych.
691 3501 805 3587 ὄβιας·
828 3501 993 3580 πλούσιος
1015 3498 1062 3579 oie
1081 3500 1244 3588 Ἀντιφῶν
1267 3502 1302 3570 ἕν
1326 3500 1407 3592 ἄλη-

278 3607 376 3689 θείᾳ.
420 3603 619 3687 Antiphonte
654 3622 717 3669 non
754 3601 919 3666 nominato
955 3601 1040 3666 idem
1073 3600 1170 3666 tradit
1206 3622 1338 3684 gramm.
1372 3603 1406 3669 in

278 3701 388 3768 Bekk.
420 3700 533 3767 anecd.
562 3700 617 3766 Gr.
651 3701 751 3766 1199
788 3695 898 3781 ἄβιοι·
936 3702 1093 3785 σημαίνει
1129 3698 1190 3780 μὲν
1228 3699 1286 3765 καὶ
1322 3695 1406 3765 ἄλλα

278 3796 391 3864 πολλὰ
414 3792 434 3882 η
457 3798 563 3877 λέξις·
585 3801 723 3863 τίθεται
746 3794 783 3861 dl
808 3797 865 3861 καὶ
880 3794 941 3861 ἐντί
953 3801 1012 3860 τοῦ
1034 3795 1166 3861 πολὺν
1188 3800 1264 3880 βίον
1287 3821 1407 3886 κεκτη·

277 3900 394 3979 μένον,
417 3901 457 3962 et.
473 3895 517 3960 ib.
533 3915 563 3978 p.
581 3897 643 3960 323
666 3896 722 3959 καὶ
747 3888 765 3957 ὃ
787 3891 952 3976 woldam
979 3891 1055 3958 κατ)
1080 3891 1280 3961 ἐπίτασιν
1302 3898 1361 3961 τοῦ
1384 3919 1406 3960 α

278 3990 381 4077 decos
403 3992 537 4076 λέγεται
557 3990 651 4078 παρὰ
673 3989 934 4068 nomenclatore.
966 3990 1065 4057 Vides
1087 4000 1214 4074 praeter
1228 3993 1407 4080 Antiphon·

276 4097 344 4158 tem
381 4089 478 4156 etiam
515 4089 595 4156 alios
631 4090 803 4172 scriptores
838 4089 974 4154 similem
1012 4088 1275 4171 significationem
1309 4087 1406 4169 hujus

277 4186 431 4253 vocabuli
460 4186 662 4271 praebuisse,
691 4207 734 4252 an
757 4186 861 4252 dicam
883 4188 1108 4270 grammaticos
1132 4187 1165 4251 id
1194 4183 1313 4269 passim
1336 4203 1407 4267 per-

278 4303 392 4369 peram
415 4302 486 4351 esse
507 4283 758 4368 interpretatos?
801 4284 884 4349 Nam
910 4283 1137 4367 Antiphontem
1159 4282 1274 4365 ipsum,
1297 4301 1407 4363 quam-
