3575 5334
400 705 463 766 418
800 670 804 677 .
920 704 1008 757 Cauer

401 879 496 960 enim,
512 877 597 960 quod
612 876 823 959 Bambergius
838 874 941 958 affert,
965 875 1052 938 σῶον
1067 872 1262 956 adJ'eotivum
1277 873 1324 948 (O.
1340 874 1361 936 i.
1376 874 1415 937 A.
1432 876 1482 952 36,
1496 881 1520 948 9)

400 975 573 1058 quidquam
596 975 768 1040 inhaere
791 971 901 1054 elficit,
931 972 1007 1054 quia
1031 971 1123 1036 nulla
1144 990 1243 1037 eausa
1264 978 1329 1048 est,
1360 991 1416 1036 our
1439 972 1522 1046 σῶος

400 1091 442 1138 ex
463 1070 591 1148 *σώιος
619 1073 738 1137 laetum
766 1089 837 1136 esse
865 1076 1023 1153 putemus.
1068 1066 1154 1150 quod
1176 1070 1229 1150 qui
1251 1069 1430 1133 aeouratius
1455 1087 1522 1150 per-

401 1170 526 1252 quirere
548 1169 644 1252 oupit,
667 1188 740 1234 eum
762 1165 805 1233 ad
827 1167 1053 1249 Bragmanum,
1076 1165 1166 1230 Stud.
1189 1166 1243 1245 IV,
1266 1187 1298 1248 p.
1317 1169 1376 1229 155
1399 1166 1521 1247 ablega.

401 1286 453 1333 me
480 1272 587 1331 autem
617 1286 701 1330 nuno
729 1264 770 1330 ad
804 1264 1000 1347 propositum
1029 1262 1133 1327 redire
1163 1269 1195 1327 et
1222 1263 1405 1329 sententiae
1432 1263 1523 1327 Bam-

400 1364 517 1445 bergii,
548 1383 643 1445 quam
666 1383 730 1427 uon
752 1380 871 1445 parvas
894 1359 1100 1425 difficultates
1125 1361 1283 1442 praebere
1305 1359 1447 1441 ostendi,
1477 1359 1523 1424 fir-

400 1460 532 1526 miorem
555 1460 697 1541 aliquam
720 1477 884 1541 opponere
906 1462 1041 1539 oportet.

484 1563 561 1639 puto
589 1555 674 1622 enim
702 1576 766 1620 non
796 1560 873 1618 σωώ
903 1553 961 1619 sed
990 1551 1067 1616 σο’ω
1096 1554 1301 1620 scribendum
1322 1575 1409 1636 esse,
1440 1555 1522 1638 quod

400 1654 464 1720 iam
487 1655 771 1734 Buttmannus,
795 1651 978 1729 ,Ausfthrl
1001 1652 1119 1733 grieolr.
1138 1651 1307 1733 Spraolrl.“
1329 1653 1388 1736 11²,
1413 1674 1445 1736 p.
1462 1656 1522 1718 296

400 1750 511 1815 voluit.
540 1768 658 1834 nempe
672 1756 707 1814 ut
721 1746 839 1826 τανύω,
863 1745 946 1828 &prim
961 1748 1068 1814 futura
1083 1748 1176 1833 epiea
1191 1768 1231 1813 ex
1252 1747 1394 1825 τανύσω,
1420 1747 1522 1831 spera

400 1847 455 1920 (ib.
479 1849 502 1929 l,
527 1850 600 1924 393)
628 1846 674 1912 sio
693 1842 778 1910 σώω
807 1864 848 1911 ex
877 1842 976 1909 σώσω
1004 1848 1140 1928 sigmate
1169 1845 1276 1911 deleto
1304 1846 1424 1911 laetum
1454 1866 1524 1913 esse

399 1944 614 2017 existimabat.
657 1949 691 2009 at
718 1944 779 2009 hoo
800 1942 866 2008 veri
898 1942 996 2007 valde
1019 1942 1172 2009 dissimile
1195 1962 1267 2009 esse
1289 1950 1321 2009 et
1342 1943 1523 2009 Lobeokius

399 2042 421 2107 l.
444 2042 465 2104 l.
494 2042 528 2106 in
558 2041 713 2124 editione,
748 2059 843 2122 quam
872 2040 1016 2124 inspexi,
1048 2041 1152 2105 altera
1180 2039 1350 2106 adnotavit
1377 2047 1411 2106 et
1432 2041 1524 2107 Bam-

400 2137 528 2221 bergius
556 2157 613 2203 suo
642 2138 711 2203 iure
739 2136 885 2201 affirmat.
930 2156 1005 2201 nam
1033 2136 1185 2220 analogia
1206 2137 1376 2202 verborum
1398 2139 1523 2203 illorum

399 2235 433 2299 in
455 2231 521 2298 -ύω
550 2235 734 2300 exeuntium
759 2234 974 2316 aliorumque,
1005 2254 1068 2316 qua
1089 2235 1303 2300 Buttmanuus
1332 2236 1523 2301 seutentiam

401 2351 492 2397 suam
520 2332 658 2415 probare
686 2330 822 2412 studuit,
859 2331 893 2394 in
923 2329 1016 2407 σώζω
1045 2333 1134 2397 nullo
1163 2331 1258 2397 modo
1286 2331 1433 2422 quadrat.
1462 2335 1523 2398 imo

399 2447 476 2494 vero
500 2424 576 2493 σώω
599 2429 684 2495 iusta
705 2429 808 2493 lorma
828 2428 1008 2511 praesentis
1029 2429 1182 2513 temporis
1197 2435 1254 2511 est,
1278 2430 1409 2510 quaein
1430 2430 1524 2513 signi-

399 2521 579 2591 ficationem
601 2526 697 2590 loturi
718 2528 912 2608 transiit-ut
933 2528 1063 2609 saepius
1081 2525 1228 2591 videmus
1249 2532 1377 2608 praeter
1398 2534 1524 2594 auctam

399 2621 531 2704 stirpem
553 2622 644 2687 verbi
666 2624 816 2706 alieuius,
846 2644 929 2707 quae
957 2625 991 2688 in
1014 2624 1178 2706 uolgarem
1201 2643 1293 2688 usum
1314 2631 1446 2707 reoepta
1468 2632 1523 2697 est,

401 2718 497 2783 etiam
525 2718 703 2784 breviorem
732 2727 763 2785 et
792 2722 834 2786 ab
862 2722 935 2805 ipsa
967 2721 1075 2787 radioe
1103 2721 1208 2785 minus
1242 2720 1441 2804 disparatam
1474 2741 1524 2787 ex·

399 2821 500 2897 stare,
531 2834 552 2879 a
581 2834 644 2897 qua
673 2816 836 2884 derivatae
857 2819 979 2884 formae
1000 2818 1240 2901 praesentariae
1264 2818 1329 2882 vim
1358 2818 1455 2885 futuri
1477 2838 1524 2886 ao·

400 2918 562 2994 oeperunt.
600 2930 628 2977 e.
650 2932 681 2995 g.
704 2914 806 2981 habes
828 2914 936 2980 ἐσθίω
951 2951 994 2961 -
1010 2914 1145 2993 ἔδομαι,
1168 2920 1325 2995 νίσσομαι
1341 2951 1382 2961 -
1399 2920 1522 2998 νέομαι,

400 3013 488 3072 πίνω
512 3043 552 3053 -
575 3014 719 3089 πίομαι,
749 3011 921 3093 inquibus
948 3014 1023 3078 talis
1052 3012 1232 3077 distributio
1258 3010 1523 3094 significationum

399 3107 491 3189 quasi
513 3112 600 3172 oerta
628 3108 701 3189 lege
729 3109 854 3173 sancita
876 3116 935 3174 est.
979 3108 1092 3175 eadem
1114 3110 1148 3174 in
1174 3109 1248 3175 aliis
1270 3110 1329 3175 etsi
1352 3130 1418 3176 non
1441 3132 1525 3193 pror·

399 3223 453 3269 sus
485 3205 674 3287 pervolgata
706 3199 769 3286 est,
804 3211 913 3271 tamen
945 3226 1049 3289 pauoa
1081 3208 1230 3289 exempla
1258 3207 1372 3272 similis
1399 3208 1525 3288 generis

403 3300 517 3382 effeeit,
540 3307 575 3367 ut
599 3298 806 3383 ἐκγεγάοισαι
827 3304 938 3387 hymn.
962 3303 1053 3367 Hom.
1069 3303 1125 3385 IV,
1144 3306 1202 3367 197
1227 3302 1341 3367 dieitur
1362 3310 1524 3387 tamquam

399 3395 537 3461 futurum
560 3396 601 3463 de
624 3394 813 3481 ἐκμίγνσμαι
834 3401 961 3465 laetum.
1005 3420 1110 3482 neque
1135 3401 1200 3465 alia
1224 3400 1305 3465 ratio
1327 3402 1413 3466 inter
1436 3402 1524 3483 ἔρχο-

398 3515 460 3571 μαι
482 3500 514 3559 et
537 3486 604 3574 εἶμι
630 3494 817 3577 intercedit,
846 3517 1039 3579 quamquam
1068 3497 1184 3579 stirpes
1212 3497 1325 3562 horum
1355 3500 1524 3565 verborum

398 3589 527 3656 nonde
550 3590 663 3657 eadem
686 3593 795 3658 radioe
810 3593 975 3659 derivatae
991 3599 1074 3659 sunt.
1106 3599 1251 3675 βείομαι,
1274 3598 1395 3676 βέομαι
1418 3604 1523 3662 autem

400 3692 431 3752 et
453 3684 521 3771 δήω
545 3688 605 3753 etsi
626 3687 699 3771 ipsa
720 3708 846 3772 quoque
876 3710 933 3774 pro
956 3682 1069 3756 iutu'ris
1091 3698 1293 3774 usurpantur,
1322 3697 1432 3758 tamen
1462 3714 1523 3758 non

398 3787 465 3846 tam
487 3783 625 3868 simplioi
647 3785 772 3851 ratione
794 3806 889 3869 quam
912 3806 961 3868 ea,
985 3807 1067 3868 quae
1089 3788 1184 3853 modo
1200 3788 1302 3868 attuli,
1325 3788 1436 3855 formis
1458 3790 1537 3854 am·'

398 3877 548 3960 plifieatis
569 3878 669 3963 βιόω,
693 3882 795 3946 δέδαα
824 3884 943 3967 opponi
966 3891 1108 3967 possunt.
1153 3884 1330 3967 dequibus
1355 3892 1524 3968 utcumque

398 3974 605 4059 iudicabitur,
641 3984 707 4043 toto
735 3979 796 4045 hoo
823 4000 942 4063 genere
975 3979 1029 4057 (de
1061 4002 1122 4065 quo
1151 3982 1190 4046 oi.
1221 3981 1386 4047 Kuehneri
1416 3982 1521 4059 ,Ausi

399 4070 587 4137 eranam
609 4074 634 4155 l,
657 4096 687 4158 p.
712 4079 786 4154 57¹)
808 4076 964 4143 habemus
985 4077 1104 4145 formas
1127 4079 1321 4162 praeseutia,
1345 4099 1427 4161 quas
1449 4099 1521 4145 usus

399 4166 531 4250 linguae
551 4169 585 4234 in
608 4171 823 4237 conditionem
852 4174 949 4241 futuri
971 4176 1100 4260 recepit.
1145 4196 1251 4259 neque
1271 4176 1305 4241 id
1328 4183 1449 4244 temere
1469 4183 1521 4241 aut

399 4269 563 4345 tamquam
584 4285 625 4332 ex
646 4268 782 4334 libidine
810 4269 900 4353 feeit,
929 4270 987 4337 sed
1009 4273 1084 4354 quia
1105 4272 1138 4337 in
1161 4272 1393 4356 significatione
1421 4275 1520 4357 plero-
