3575 5334
437 702 500 766 346
935 704 1082 757 Bechstein

438 879 629 945 vocabulum
652 877 775 941 seilicet
796 876 858 941 hue
880 898 946 941 uon
968 884 1018 941 est
1031 876 1243 942 referendum.
1282 876 1375 955 Quae
1391 877 1560 945 Corsseuus

437 978 486 1041 vir
515 976 717 1041 doctissimus
745 974 787 1039 de
815 973 911 1055 hujus
939 975 1026 1039 vocis
1048 973 1171 1056 origiue
1200 976 1352 1057 protulit,
1381 995 1481 1057 quum
1502 997 1556 1041 nou

438 1075 542 1157 magis
574 1093 671 1155 quam
708 1091 791 1153 quae
821 1068 1019 1137 'Niebuhrius
1051 1073 1260 1154 uoujeetavit,
1299 1074 1412 1137 aliena
1444 1094 1556 1139 essea

437 1174 541 1238 latina
562 1170 722 1235 formandi
737 1171 862 1234 ratione
877 1169 1118 1235 eoncedendum
1140 1170 1192 1249 sit,
1214 1170 1247 1233 in
1263 1171 1356 1253 eujus
1370 1173 1553 1237 sententiam

428 1271 552 1335 ‚abeam
568 1265 686 1335 u'esoio.
725 1269 866 1347 Accedit,
890 1268 976 1349 quod
991 1286 1149 1349 quaenam
1165 1267 1242 1332 insit
1263 1270 1394 1351 proprie
1410 1270 1555 1334 vocabulo

438 1366 629 1449 significatio
658 1385 699 1431 ex
721 1367 768 1431 eis
796 1366 891 1446 loeis,
922 1366 955 1429 in
984 1365 1100 1446 quibus
1121 1365 1254 1447 legitur,
1283 1367 1453 1436 nonsatis
1475 1366 1554 1431 iutel-

437 1467 563 1548 legitur.

403 1602 406 1605 ⁴
522 1564 561 1626 lu
584 1561 699 1626 eeteris
720 1560 887 1627 vocabulis
915 1561 1143 1626 enumerandis
1171 1561 1231 1625 hae
1261 1569 1333 1625 utar
1360 1562 1502 1643 ratione,
1527 1569 1553 1623 ut

437 1661 574 1743 primum
590 1659 718 1741 quidem
734 1660 867 1723 uomina
880 1658 1052 1741 adjectiva,
1067 1658 1187 1725 deinde
1202 1659 1408 1724 substantiva
1422 1660 1551 1723 afferam

438 1793 481 1804 —
502 1758 639 1821 Exstant
660 1764 766 1820 autem
790 1758 883 1821 haee:

525 1843 553 1918 ἰ.
578 1854 761 1937 Adjeotiou:

524 1954 659 2032 reliqum
686 1952 707 2014 i.
731 1972 758 2015 e.
789 1952 876 2035 pius,
906 1953 1074 2035 religiosus
1103 1954 1191 2017 Puer.
1220 1972 1273 2033 ap.
1303 1951 1389 2016 Geli.
1414 1957 1450 2032 4,
1475 1954 1548 2032 9,1.

438 2059 521 2134 part.
558 2069 661 2133 praes.
701 2049 791 2114 verbi
831 2048 994 2132 *relipero
1029 2072 1093 2116 non
1129 2051 1199 2130 jam
1235 2050 1361 2129 usitati,
1406 2070 1465 2132 pro
1502 2067 1551 2131 quu

438 2150 534 2230 vulgo
574 2151 715 2229 resapere
750 2156 936 2229 usurpatum
975 2148 1043 2212 fuit.
1099 2148 1132 2213 si
1171 2147 1331 2229 quispiam
1361 2146 1481 2212 dixerit
1512 2166 1551 2207 re·

240 2282 251 2290 u
364 2258 366 2261 ’
438 2247 536 2329 lipens
567 2267 625 2328 pro
657 2248 798 2327 relegens
831 2246 952 2309 librarii
980 2246 1098 2310 mendo
1127 2265 1198 2311 esse
1225 2251 1346 2324 ortum,
1379 2245 1468 2310 uude
1495 2262 1552 2327 pro·

437 2343 564 2409 fluxerit
585 2345 698 2426 relr'pio
721 2344 877 2408 substant.
902 2343 931 2406 ei
955 2343 1134 2409 docendum
1157 2351 1212 2407 est

523 2449 648 2524 rupeas,
671 2443 864 2523 repent-iaus
886 2442 906 2504 i.
923 2461 950 2505 e.
974 2442 1098 2506 subitus
1119 2440 1323 2523 participium
1339 2446 1390 2505 est
1407 2439 1498 2505 verbi
1513 2437 1554 2501 de·

437 2539 554 2621 perditi
569 2536 714 2621 *repere
737 2541 829 2622 eujus
850 2540 983 2621 stirpem
998 2560 1055 2623 rep
1076 2540 1240 2604 inveneris
1261 2539 1294 2602 in
1309 2558 1357 2619 gr.
1373 2535 1487 2619 ῥέπ-ιυ
1501 2537 1520 2601 i.
1533 2552 1553 2598 e.

437 2656 581 2718 vergere,
603 2637 711 2716 itaque
728 2656 841 2718 repens
862 2638 991 2719 proprie
1006 2644 1055 2701 est
1069 2657 1215 2719 vergens.
1245 2656 1359 2719 reperta
1372 2635 1554 2699 vocabulum

437 2734 559 2816 tropioe
587 2733 702 2797 dieitur
730 2754 788 2815 pro
810 2734 944 2816 subitus,
975 2735 1050 2817 quia
1070 2736 1165 2812 lanx,
1194 2753 1277 2815 quae
1299 2733 1447 2816 pondere
1469 2733 1556 2815 impu·

437 2832 498 2896 sito
524 2831 644 2912 vergit,
673 2832 779 2895 statim
801 2831 984 2897 inclinatur.
1023 2833 1217 2899 Doederlein
1245 2832 1344 2913 igitur
1369 2836 1557 2915 (synonyma

438 2928 504 2993 und
529 2928 743 3012 etymologien
770 2929 815 2993 VI
837 2950 861 2994 s.
886 2951 917 2994 v.
946 2940 1097 3014 repente;
1126 2932 1223 3013 gloss.
1247 2932 1345 3013 2320)
1373 2933 1557 3000 adverbium

435 3037 566 3111 repento
598 3026 686 3091 haud
718 3026 828 3109 inepte
860 3029 1102 3112 interpretatur:
1147 3028 1234 3112 ῥοπῇ
1270 3034 1352 3105 τινί,
1391 3036 1557 3097 momento.

372 3143 375 3148 ·
437 3128 580 3189 cenetens
601 3124 700 3191 semel
722 3145 775 3209 ap.
800 3126 895 3207 Apul.
919 3127 960 3192 de
982 3127 1102 3191 mundo
1125 3130 1176 3207 23,
1200 3121 1329 3209 saepius
1351 3128 1472 3191 moieno
1493 3130 1514 3194 i.
1535 3148 1556 3193 e.

437 3225 619 3309 propinqua
646 3225 752 3307 partui
782 3226 885 3303 (Fest.
909 3246 941 3307 p.
965 3228 1035 3303 97),
1065 3224 1260 3308 adjectivum
1289 3227 1352 3290 nisi
1374 3229 1410 3294 in
1440 3251 1558 3315 eompu-

437 3322 551 3387 sitione
573 3343 638 3387 uon
660 3322 838 3387 adhibitum
855 3322 1010 3405 ejusdem,
1034 3331 1068 3386 ut
1082 3323 1219 3403 videtur,
1243 3324 1375 3407 originis
1397 3348 1439 3393 ae
1459 3347 1558 3412 graee.

437 3429 557 3495 κυ-εῖν,
584 3419 745 3501 dano-og,
769 3422 825 3486 lat.
849 3421 1033 3483 eramala-s
1054 3426 1125 3503 ett,
1153 3440 1235 3503 quae
1257 3424 1366 3488 omnia
1387 3446 1409 3489 a
1431 3425 1558 3492 rad.1u

437 3517 532 3582 ducta
562 3518 724 3583 notionem
758 3520 916 3602 praebent
946 3518 1106 3598 tumeudi‚
1144 3526 1179 3582 ut
1210 3521 1325 3582 inciens
1358 3523 1401 3587 sit
1434 3524 1556 3600 femina,

436 3633 520 3696 quae
537 3622 638 3680 tumet
660 3616 711 3693 (of.
729 3615 816 3681 Ourti
838 3616 969 3698 grunda.
994 3636 1025 3697 p.
1044 3620 1104 3681 156
1114 3620 1148 3693 ⁴).
1184 3616 1308 3679 lactens
1328 3618 1429 3701 igitur
1451 3622 1556 3687 eodem

437 3713 532 3777 modo
555 3713 757 3785 referendum
781 3721 829 3780 est
850 3713 894 3777 ad
916 3713 1049 3778 verbum
1071 3713 1233 3797 quoddam
1253 3716 1389 3782 intrans.
1413 3716 1558 3781 *iacuere

398 3814 401 3820 '
437 3811 488 3887 (oi.
511 3830 558 3891 gr.
584 3820 684 3884 κυεῖν)
711 3818 875 3876 mutatae
901 3812 934 3875 iu
961 3813 987 3891 i,
1016 3831 1077 3892 quo
1100 3812 1195 3873 eliens
1219 3814 1262 3877 ad
1287 3814 1425 3879 verbum
1450 3818 1555 3879 eluere.

436 3907 585 3974 Ceterum
607 3910 704 3992 paulo
727 3917 799 3992 post
822 3909 863 3974 de
884 3915 1018 3991 utroque
1040 3908 1196 3973 vocabulo
1219 3910 1326 3975 denuo
1348 3932 1457 3994 agam.

522 4007 580 4072 His
604 4006 807 4089 ‘adjectivum
837 4007 977 4091 prudens
1007 4004 1174 4088 adjiciam,
1205 4006 1290 4089 quod
1320 4013 1470 4090 quamvis
1501 4011 1557 4076 hue

434 4124 500 4168 uon
522 4104 600 4170 satis
622 4105 795 4187 pertineat,
824 4124 886 4186 quo
909 4103 975 4169 aiio
997 4104 1068 4169 loeo
1093 4094 1279 4186 ooiloeetur,⁴
1295 4095 1426 4173 neseio.
1478 4110 1555 4172 Pm-

436 4201 511 4263 deas
553 4203 638 4267 enim
675 4207 872 4266 contractum
916 4208 964 4266 est
1004 4220 1045 4265 ex
1083 4202 1194 4285 partie.
1236 4204 1407 4285 provideas
1450 4206 1553 4272 eodem

436 4297 548 4379 modo,
577 4320 640 4380 quo
663 4298 779 4360 audere
801 4318 842 4364 ex
869 4297 1037 4381 *asidera
1066 4300 1234 4362 antudinam
1261 4318 1304 4365 ex
1330 4299 1554 4367 *nouendiaam
