3575 5334
339 706 401 767 340
836 707 983 762 Bechstein

339 874 447 961 (εἶ-μι,
472 878 572 961 ἰ’-μεν,
598 878 687 956 ἰ’-θη
711 882 758 958 tt,
781 881 857 951 tris,
881 879 993 959 i-bom3
1018 881 1108 963 qui-t,
1132 882 1250 964 qui-tir,
1268 881 1417 965 qui-bom)
1433 889 1462 947 et

338 978 443 1043 vooali
459 983 554 1044 aneta
572 977 739 1064 (i-o-i-pv3
764 986 873 1054 ‹rm-nt,
897 987 1053 1063 qne-n-ntr
1070 978 1316 1061 conjungantur.

425 1080 454 1139 2.
486 1075 628 1137 Alterius
657 1076 767 1138 deinde
795 1075 903 1137 elassis
931 1075 1169 1159 participiorum
1198 1077 1349 1159 exempla
1376 1084 1461 1141 sunt:

338 1176 503 1248 u-da-vr,
536 1172 715 1247 daturo-vr,
746 1176 860 1248 θε-ντ,
890 1178 1005 1255 pta-vv,
1036 1172 1189 1249 λυσα-ντ,
1221 1173 1370 1238 tvos-vv.
1416 1175 1462 1238 Ex

337 1270 449 1354 lingua
463 1269 566 1334 latina
588 1288 712 1351 paucae
733 1276 858 1334 tantum
881 1269 1082 1351 quorundam
1097 1271 1266 1335 verborum
1288 1271 1411 1336 formae
1430 1271 1462 1335 in

337 1368 422 1434 hane
436 1367 572 1432 classem
587 1365 776 1434 referendae
791 1375 879 1432 sunt:
904 1368 981 1440 diet,
1005 1367 1137 1445 dri-mur,
1159 1366 1264 1440 dri-tir,
1281 1368 1386 1445 (lo-re,
1409 1369 1462 1433 sed

337 1465 409 1541 dir,
433 1464 490 1538 dd,
513 1464 686 1547 tir-qoa-m,
711 1465 861 1549 ris-quir,
885 1465 1023 1549 itt-quet.
1068 1465 1153 1529 Part.
1182 1465 1275 1527 ria-nt
1302 1465 1365 1530 huo
1393 1486 1461 1549 per·

336 1564 439 1628 tinere
460 1560 528 1625 veri
556 1579 621 1623 non
650 1566 699 1625 est
729 1560 993 1643 dissimillimum;
1023 1581 1127 1644 neque
1153 1581 1228 1627 vero
1253 1562 1461 1628 demonstrari

336 1665 458 1745 potest,
486 1655 572 1737 quod
595 1656 716 1721 vooalis
739 1680 758 1720 o
780 1659 861 1725 duas
883 1666 1097 1725 consonantes
1119 1659 1344 1741 praeoedentis
1367 1682 1461 1744 quan-

335 1757 461 1821 titatem
483 1773 548 1816 non
570 1755 767 1835 cognoveris.

422 1856 451 1916 3.
478 1851 605 1912 Tertiae
633 1849 772 1933 denique
801 1852 910 1916 olorrtr
931 1854 1033 1918 verba
1062 1858 1094 1917 et
1122 1852 1155 1916 in
1178 1871 1353 1918 oonsonam
1377 1855 1460 1920 etin

337 1950 483 2015 vooalem
506 1947 632 2011 literam
657 1948 839 2015 desinentia
860 1952 942 2016 haee
965 1958 1054 2016 sunt:

378 2049 410 2120 a)
435 2066 585 2129 φερο-ντ,
598 2044 746 2128 sere-nt3

377 2145 410 2221 b)
433 2142 558 2219 ivone,
582 2141 638 2206 lat.
661 2152 820 2216 statue-nt,
845 2145 1001 2226 audie-nt3

377 2246 406 2317 e)
429 2262 474 2323 gr.
505 2242 626 2319 τιμᾶντ
659 2259 700 2305 ex
722 2264 909 2320 τιμα-ο-ντ,
938 2242 996 2305 lat.
1019 2252 1124 2304 omont
1151 2261 1191 2306 ex
1221 2255 1365 2306 omae-nt
1391 2264 1459 2309 oon-

462 2346 607 2421 traotum,
631 2343 712 2405 aeol.
737 2341 866 2403 dour-vr
888 2359 959 2403 oum
981 2339 1037 2402 lat.
1062 2339 1174 2400 dorent
1198 2342 1457 2423 eomparandum.

418 2436 527 2500 Pauea
556 2436 674 2503 deinde
704 2438 808 2503 dioam
838 2437 880 2503 de
908 2435 1014 2502 suffixi
1038 2445 1093 2498 ant
1120 2437 1212 2501 latini
1234 2438 1340 2503 vocali
1362 2440 1457 2505 varia.

421 2533 551 2598 Venalis
567 2556 586 2595 a
601 2536 757 2601 sanserita
772 2540 850 2613 (ont)
873 2535 907 2598 in
923 2553 1071 2598 sermone
1092 2553 1210 2615 graeoo
1233 2536 1265 2599 in
1288 2557 1306 2598 o
1325 2538 1457 2617 transiit,

333 2651 430 2714 quam
458 2630 591 2695 formam
615 2643 670 2694 ont
695 2634 783 2716 apud
806 2635 968 2697 Romanos
990 2651 1115 2713 quoque
1144 2632 1178 2696 in
1206 2654 1265 2698 usu
1294 2633 1394 2699 fuisse
1422 2655 1458 2699 ex
1521 2654 1531 2681 r

333 2727 428 2794 certis
451 2726 578 2792 indioiis
599 2729 773 2811 oonJeotari
791 2730 931 2812 quidem,
954 2728 1012 2794 sed
1034 2749 1075 2793 ex
1098 2729 1145 2794 eis
1166 2729 1330 2795 literarum
1353 2752 1459 2797 monu-

332 2824 465 2905 mentis,
496 2843 578 2904 quae
601 2825 643 2889 ad
670 2826 753 2891 hano
782 2833 922 2893 aetatem
951 2835 1210 2909 permanserunt,
1239 2829 1368 2910 probari
1397 2851 1457 2894 non

332 2928 455 3006 potest,
485 2922 545 2986 nisi
577 2922 672 3004 illud,
702 2944 789 3006 sons,
819 2927 924 2986 r'nsonr
954 2923 1128 3002 adhibeas,
1158 2924 1243 3005 quod
1269 2928 1457 2992 vocabulum

318 3019 416 3085 *infra
444 3020 574 3085 uberius
606 3021 825 3086 tractabimus,
875 3021 987 3085 Vooaii
1017 3041 1035 3082 o
1064 3020 1098 3084 in
1126 3042 1146 3082 a
1175 3026 1326 3099 mutata⁶)
1360 3024 1457 3090 forma

332 3126 389 3180 ont
408 3117 511 3182 latina
526 3117 633 3182 oritur.
671 3117 741 3196 Quo
756 3120 879 3183 rariora
893 3124 999 3182 autem
1022 3123 1097 3182 sunt
1118 3118 1289 3201 partieipia
1312 3121 1456 3186 suffixum

332 3214 492 3297 integrum
525 3236 604 3298 prae
637 3236 672 3282 sa
700 3215 854 3297 ferentia,
889 3236 927 3282 eo
956 3222 1005 3281 est
1033 3216 1230 3297 exoptatius,
1267 3217 1374 3282 suffixi
1406 3228 1459 3282 ont

332 3312 483 3394 exempla
498 3310 561 3375 duo
582 3313 736 3378 inveniri:
760 3320 841 3397 part.
858 3332 963 3395 praes.
978 3312 1148 3377 verbomm
1170 3314 1218 3374 tre
1240 3322 1272 3379 et
1293 3317 1385 3399 quire
1407 3338 1456 3382 no·

330 3408 488 3473 minativo
506 3409 589 3491 sing.
608 3416 758 3494 excepto:
781 3412 897 3473 errat-tr
915 3416 984 3493 (pro
1002 3406 1152 3472 *tom-o
1172 3410 1210 3475 ei.
1226 3430 1273 3492 gr.
1294 3411 1455 3493 ἰ-όντ-ος),

332 3505 506 3590 que-unt-ir
534 3509 602 3588 (pro
628 3505 844 3591 *qui-onon).
872 3542 916 3553 -
944 3506 1097 3572 Vooaiem
1120 3528 1140 3569 n
1163 3508 1371 3576 thematioam
1398 3513 1456 3577 sui·

331 3602 394 3668 fixo
418 3603 664 3669 antecedentem
693 3606 816 3671 habent
844 3604 977 3669 nomina
999 3605 1158 3686 quaedam
1181 3626 1222 3671 ex
1248 3614 1330 3689 part.
1354 3629 1455 3691 praes.

333 3699 494 3765 derivata:
523 3702 771 3774 notant-orius,
794 3703 969 3765 ool-u-ntos
992 3709 1061 3785 (pro
1091 3699 1353 3787 *volant-tator,
1377 3726 1454 3787 quae

331 3798 374 3863 ad
403 3804 484 3879 part.
515 3800 624 3860 volunt
655 3801 781 3878 (volent)
810 3800 983 3883 pertinent.
1033 3800 1108 3864 Alia
1136 3800 1296 3881 quaedam
1324 3804 1454 3868 nomina

330 3901 404 3978 post
425 3894 609 3976 afferantur.

415 3992 516 4058 Multo
544 3995 673 4077 saepius
702 4014 742 4059 ex
765 4005 821 4057 ont
846 4001 950 4058 ortum
973 3999 1110 4068 est'ont,
1140 4014 1222 4076 quae
1244 3995 1349 4063 forma
1371 3998 1453 4063 faeta

331 4095 380 4155 est
412 4090 447 4154 in
479 4090 598 4172 linguis
631 4091 747 4158 italieis
783 4091 1006 4172 usitatissima,
1040 4112 1105 4156 non
1136 4091 1243 4158 minus
1277 4095 1312 4159 in
1347 4096 1452 4160 formis

398 4238 417 4303 ⁵)
436 4238 476 4292 Of.
493 4240 721 4309 quaederssenus
736 4241 892 4308 (vocalism,
910 4256 1017 4309 ausspr.
1027 4242 1082 4295 und
1095 4208 1295 4311 betonungi12,
1305 4260 1333 4313 p.
1344 4250 1376 4301 86
1386 4251 1450 4315 sqq.)

330 4314 364 4371 de
381 4333 397 4371 o
414 4318 502 4372 rocali
518 4319 547 4373 in
564 4336 583 4373 u
601 4323 706 4374 mutata
723 4321 843 4392 protulit.
