3575 5334
408 637 477 744 '202
909 684 1049 739 blerzdori

414 859 506 926 derit.
551 857 620 922 Iam
649 855 690 922 de
717 856 829 940 primis
856 857 964 922 verbis
992 855 1057 923 illis
1085 858 1201 941 viginti
1228 879 1292 925 uno
1320 858 1480 942 judicium
1508 860 1537 926 id

354 974 356 977 ’
414 957 562 1035 feremus,
588 973 650 1037 quo
673 974 714 1019 ex
735 954 903 1039 archetypi
924 955 1050 1020 ratione
1071 974 1198 1039 semper
1219 956 1339 1023 formas
1361 964 1537 1025 contractas

414 1055 478 1139 legi
515 1053 632 1119 debere
665 1057 856 1132 statuemus,
888 1053 1076 1136 praesertim
1109 1072 1180 1118 cum
1218 1052 1380 1137 perpauca
1417 1062 1537 1122 tautum

413 1151 599 1233 ἐπιτιμέων
634 1149 678 1214 VI
707 1152 764 1230 39,
799 1149 929 1229 τολμέω
964 1149 1042 1215 VIII
1066 1153 1116 1231 77,
1151 1148 1375 1237 ἒμηχονέοντο
1410 1155 1536 1235 VIIII,

413 1246 621 1333 ὁρμεόμενος
640 1246 658 1310 l
680 1251 732 1326 41,
754 1266 838 1328 quae
859 1245 953 1312 facile
975 1247 1093 1312 mutari
1115 1258 1257 1331 possunt,
1281 1251 1421 1316 obstent.

500 1347 670 1427 Hucusque
685 1345 794 1410 omnia
808 1344 908 1427 plana
922 1352 1006 1409 suut.
1036 1344 1102 1411 Sed
1122 1348 1292 1413 verborum
1314 1343 1418 1430 ὁράω,
1443 1348 1538 1433 εἶρε·

412 1444 500 1525 τοίω,
531 1442 664 1531 ‹potoria›
691 1443 773 1508 ratio
794 1441 971 1506 intricatior
992 1448 1057 1523 cst,
1086 1463 1180 1526 quam
1204 1466 1286 1527 quoe
1307 1445 1389 1511 meis
1411 1448 1538 1529 quidem

413 1544 535 1609 viribus
563 1560 692 1625 prorsus
721 1539 876 1625 explicari
905 1540 1015 1622 possit.
1060 1539 1258 1625 Quamquam
1281 1543 1367 1609 enim
1390 1544 1452 1610 bie
1468 1565 1538 1627 quo·

412 1661 476 1723 que
498 1639 595 1702 ABR
618 1645 649 1702 ct
666 1635 722 1701 GP
741 1637 864 1717 eodem,
888 1636 974 1719 quod
995 1637 1183 1720 significavi,
1206 1639 1390 1708 discrimine
1412 1644 1538 1726 saepius

413 1738 498 1805 inter
525 1757 561 1803 se
590 1735 732 1801 distincti
761 1742 851 1813 sunt,
885 1742 994 1800 tamen
1027 1737 1127 1801 multo
1156 1738 1258 1820 magis
1288 1739 1321 1803 in
1349 1739 1402 1804 bis
1434 1742 1537 1806 verbis

412 1835 582 1900 fluctuatur
604 1854 700 1915 quam
720 1834 753 1898 in
774 1832 848 1912 illis,
874 1853 945 1897 oum
961 1852 1072 1900 omnes
1088 1834 1214 1901 codices
1235 1836 1331 1901 modo
1347 1860 1373 1899 ω
1389 1838 1489 1906 modo
1504 1862 1536 1906 εο

415 1958 460 1999 sco
484 1956 540 1998 εου
564 1932 720 2011 scribant,
750 1930 815 1993 AB
837 1929 932 1995 modo
954 1949 1025 1995 cum
1047 1931 1080 1995 R
1101 1931 1197 1998 modo
1220 1942 1333 2001 contra
1354 1934 1388 1996 R
1410 1935 1535 2017 iaciant,

413 2032 585 2113 omniaque
600 2029 665 2094 siut
679 2028 873 2112 perturbata.
886 2053 889 2060 ·
904 2028 1045 2109 Accedit,
1062 2029 1149 2111 quod
1165 2031 1291 2096 etiamsi
1304 2052 1417 2098 veram
1431 2034 1536 2099 arebe-

412 2130 484 2215 typi
510 2128 699 2211 scripturam
727 2126 984 2204 enucleabimus,
1014 2125 1145 2192 dubium
1172 2136 1236 2209 est,
1266 2150 1344 2194 num
1371 2130 1536 2215 archetypi
1595 2209 1598 2217 Δ

278 2262 284 2270 ⁸
412 2228 569 2312 scriptura
589 2224 731 2307 genuina
753 2222 929 2289 berodctea
949 2224 1014 2289 sit?
1054 2226 1185 2292 Minime
1207 2226 1408 2308 crediderim,
1431 2229 1536 2311 itaque

412 2332 480 2391 tota
501 2344 552 2390 res
574 2321 828 2387 dubitationibus
848 2333 899 2386 est
920 2321 1118 2404 plenissima.
1156 2324 1375 2409 Archetypum
1398 2326 1487 2392 enim
1508 2334 1535 2393 ot

411 2423 447 2488 iu
475 2423 624 2487 universa
651 2420 763 2484 horum
790 2418 959 2483 verborum
986 2418 1125 2486 flexione
1152 2428 1185 2487 et
1212 2421 1246 2487 io
1274 2422 1411 2505 siugulis
1432 2425 1535 2489 verbis

412 2538 509 2606 quam
540 2518 680 2585 maxime
712 2515 882 2582 fluctuasse
911 2516 982 2583 luco
1012 2519 1130 2583 clarius
1157 2526 1221 2601 est3
1253 2518 1311 2585 sed
1341 2521 1534 2587 Herodotum

410 2618 473 2684 sibi
497 2618 557 2682 bac
577 2617 611 2681 in
633 2635 667 2681 re
689 2634 755 2679 non
777 2614 957 2681 constitisse
980 2616 1111 2682 credere
1132 2615 1301 2682 ridIculum
1323 2624 1383 2684 est.

498 2714 620 2793 Quibus
656 2718 762 2778 autem
799 2711 1011 2794 adjumentis,
1054 2714 1169 2795 quibus
1204 2733 1314 2779 verum
1356 2716 1533 2801 indagetur,

413 2810 562 2877 utamur?
594 2811 643 2875 Ab
660 2809 791 2875 Ionibus
805 2810 839 2874 in
861 2810 912 2876 his
934 2810 1040 2876 verbis
1062 2834 1104 2874 αο
1120 2834 1170 2873 oco
1186 2814 1290 2889 oov⁴¹i
1312 2813 1345 2877 iu
1365 2836 1402 2878 so
1420 2840 1467 2880 εω
1483 2839 1533 2881 εον

412 2917 537 2975 mutata
565 2928 636 2975 esse
664 2914 804 2987 constat,
839 2928 909 2973 cum
946 2908 1034 2991 apud
1062 2908 1234 2975 Homerum
1264 2918 1392 2977 exstent
1421 2909 1533 2999 ἤντεον

413 3013 452 3072 H
471 3010 552 3089 423,
584 3011 757 3089 μενοίνεον
786 3010 827 3070 Μ
856 3009 912 3086 59,
947 3001 1110 3087 ὁμόκλεον
1144 3008 1274 3087 0658,
1310 3012 1435 3093 otto.
1465 3014 1533 3090 367,

410 3130 431 3187 χ
454 3110 533 3183 211,
563 3100 770 3185 ὁμοκλέομεν
800 3128 826 3167 ω
854 3106 928 3185 173;
957 3104 1115 3169 nonnulla
1144 3106 1290 3186 quamvis
1317 3125 1423 3189 pauca
1452 3107 1534 3193 apud

411 3211 524 3288 poetas
546 3204 708 3285 elegiacos
735 3202 886 3284 exempla
908 3202 1067 3284 leguntur,
1096 3202 1131 3268 in
1153 3202 1298 3286 Theogn.
1321 3203 1359 3269 ir.
1385 3209 1446 3277 169
1468 3232 1534 3289 μω-

411 3300 586 3385 μεύμενοζ,
616 3305 677 3366 369
699 3307 891 3382 μωμεῦννοι
915 3298 966 3375 (oi.
990 3299 1128 3380 Renner,
1152 3300 1243 3365 stud.
1267 3301 1282 3365 Ι
1304 3304 1323 3365 2
1346 3322 1378 3385 p.
1403 3307 1469 3379 43).
1511 3305 1533 3369 I}

301 3414 304 3420 ’
410 3398 608 3483 pedestrium
629 3399 743 3463 Ionum
771 3396 960 3480 fragmentis
983 3398 1147 3479 complura
1174 3418 1260 3463 nunc
1286 3400 1465 3467 afferuntur
1486 3422 1534 3469 ex·

402 3498 522 3579 -empla
548 3496 636 3560 velut
663 3516 716 3578 ap.
749 3496 874 3561 Her-acl.
897 3497 938 3558 94
967 3500 1156 3578 ascriptio,
1188 3498 1229 3561 96
1249 3494 1453 3579 χρεόμενος,
1483 3521 1533 3583 ap.

411 3594 517 3657 Anax.
544 3596 581 3657 10
603 3598 772 3676 χρέονται,
801 3593 835 3657 in
858 3591 896 3657 fr.
919 3592 1013 3675 phys.
1037 3598 1056 3655 4
1081 3586 1246 3675 ὁρέοντες,
1267 3606 1328 3678 ap.
1351 3596 1477 3663 Meliss.
1498 3600 1531 3663 17

412 3686 569 3774 ὁρέομεν,
597 3689 686 3773 apud
708 3691 933 3773 Hippocratem
963 3690 1066 3771 magis
1094 3690 1191 3756 etiam
1221 3691 1300 3756 talia
1326 3702 1458 3761 exstant
1486 3695 1534 3767 (ci.

411 3788 541 3853 Renuer
562 3788 583 3850 l.
605 3788 638 3868 1.,
669 3788 805 3853 Bredov.
829 3791 914 3853 382».
959 3787 1025 3853 Sed
1054 3806 1124 3851 cum
1147 3789 1180 3851 in
1204 3789 1416 3871 posteriorum
1441 3794 1534 3877 potis·

1477 3942 1498 3988 9

478 4006 511 4071 ⁴¹)
541 4023 575 4058 εω
600 4020 649 4074 pro
675 4024 725 4056 nov
750 4021 951 4073 nonnumquam
974 4005 1078 4061 ridetur
1100 4020 1153 4059 usu
1174 4006 1280 4062 venisse
1302 4007 1378 4063 uelut
1397 4010 1535 4079 3roius'ucc

411 4085 535 4141 Demcor.
553 4102 620 4141 mor.
639 4090 703 4153 ²¹53
729 4100 798 4154 quae
821 4085 949 4141 formosi
971 4100 1034 4139 roro
1052 4089 1107 4153 est,
1134 4085 1162 4140 id
1185 4087 1258 4156 quod
1280 4088 1410 4155 persulde
1433 4091 1534 4155 dubito,

411 4166 590 4233 explicatione
607 4183 662 4221 non
680 4171 768 4232 caret;
782 4165 944 4226 sumendum
963 4167 1014 4221 erit
1032 4164 1314 4236 rolpdaoooprimum
1330 4170 1536 4227 assianulatioue

409 4244 534 4375 {sebaim
549 4242 689 4315 ενλμάωσι
706 4245 751 4311 (cf.
771 4246 841 4300 bom.
860 4245 1032 4299 ναιειᾶοσαν
1050 4252 1072 4299 Ζ
1090 4252 1138 4303 415
1152 4247 1221 4313 siut.)
1239 4247 1336 4303 deiude
1353 4248 1382 4304 irs
1402 4250 1536 4321 τελμέωσι

422 4337 557 4379 ransusse.
