3575 5334
404 678 465 739 162
900 675 1041 731 lderzdort

404 851 569 920 contendit
590 850 643 915 vel
665 847 852 929 contendet3
882 848 940 914 sed
967 848 1040 913 luce
1068 848 1183 913 clarius
1212 851 1262 913 est
1289 847 1322 911 in
1347 844 1399 911 bis
1422 844 1528 911 formis

403 950 499 1015 etiam
521 946 696 1014 herodoteo
718 946 860 1010 Ionismo
882 946 1011 1011 vocales
1033 969 1070 1032 εη
1095 946 1115 1009 i.
1140 964 1168 1009 e.
1191 948 1234 1023 te,
1263 963 1342 1027 quas
1365 943 1527 1008 titulorum

404 1045 542 1112 dialecto
571 1064 613 1109 ne
640 1044 674 1109 in
702 1043 886 1109 nominibus
915 1041 1043 1125 quidem
1073 1041 1235 1126 placuisse
1265 1060 1364 1125 supra
1392 1039 1526 1121 ostendi,

402 1142 500 1209 valde
521 1140 740 1206 incommodas
763 1141 871 1206 tuisse.
904 1141 1048 1223 Apparet
1067 1139 1173 1222 igitur,
1197 1158 1292 1220 quam
1314 1138 1399 1204 falsa
1421 1158 1527 1204 eorum

404 1239 512 1323 opinio
534 1238 592 1320 sit,
622 1241 675 1322 qui
697 1238 861 1304 Herodoto
889 1238 941 1302 vel
965 1237 1105 1302 lonismo
1132 1236 1226 1318 quam
1256 1235 1415 1302 maximas
1438 1254 1529 1300 roca-

402 1338 480 1402 lium
517 1336 749 1403 cumulationes
785 1333 952 1399 vindicare
988 1333 1128 1399 student.
1182 1332 1276 1411 Quod
1312 1333 1340 1399 si
1376 1332 1530 1398 memoria

402 1441 545 1516 tenetur,
574 1432 751 1498 verendum
773 1452 839 1497 non
861 1438 926 1512 est,
956 1450 999 1496 ne
1020 1437 1140 1497 temere
1162 1431 1204 1496 de
1226 1430 1440 1513 conjunctivis
1462 1449 1529 1495 rer-

403 1532 515 1596 borum
543 1531 577 1595 in
607 1552 651 1595 ειο
677 1529 832 1613 judicium
861 1528 927 1594 fiat.
970 1528 1085 1610 Tituli,
1120 1532 1155 1591 ut
1183 1527 1305 1607 solent,
1337 1525 1530 1592 contrahunt

356 1688 359 1695 .
404 1627 552 1713 έπικαλῇ
574 1628 607 1691 in
622 1627 670 1691 tit.
686 1626 781 1691 balio.
797 1645 828 1690 v.
844 1629 895 1705 23,
920 1624 1004 1710 δοκῇ
1027 1625 1061 1689 in
1083 1624 1290 1708 inscriptione
1304 1644 1358 1707 ap.
1374 1625 1462 1689 Erm.
1479 1626 1528 1701 26,

404 1725 462 1791 sed
490 1723 610 1789 ibidem
640 1722 767 1808 δέηται.
811 1722 907 1805 Apud
929 1721 1127 1788 Herodotum
1149 1728 1256 1788 autem
1279 1722 1408 1787 triciens
1431 1721 1529 1787 semel

403 1823 486 1887 tales
519 1820 714 1903 conjunctivi
747 1839 806 1884 usu
838 1818 972 1884 veniunt
1003 1824 1091 1895 (nam
1126 1820 1184 1905 ῥέῃ
1215 1819 1248 1883 ΙΙ
1271 1822 1312 1882 99
1345 1819 1531 1901 conjectura

403 1918 518 1985 Steinii
546 1922 618 1988 est).
670 1914 957 1994 Quattuordeoiens
985 1916 1023 1994 (si
1052 1916 1345 1999 monosyllaborum
1372 1916 1528 1980 rationem

403 2036 468 2080 non
497 2014 612 2096 babes,
642 2013 789 2088 noviens)
815 2013 942 2079 codices
963 2014 997 2078 in
1020 2037 1077 2098 -εῃ
1101 2014 1318 2079 consentiunt:
1357 2011 1417 2096 δέῃ
1441 2013 1457 2076 Ι
1479 2015 1529 2090 90,

405 2111 522 2197 δέηται
545 2112 593 2175 III
615 2113 665 2192 96,
690 2105 841 2195 ἀπορρέῃ
865 2112 881 2175 Ι
907 2113 976 2193 193,
1001 2109 1101 2196 ἐκρέῃ
1124 2112 1248 2190 11149,
1272 2110 1359 2195 πλέῃ
1383 2108 1436 2172 ΙΙΙ
1460 2112 1528 2187 138,

403 2213 502 2295 ποιέῃ
526 2209 542 2273 1
566 2211 638 2289 206,
667 2204 845 2293 ἐξηγέηται
868 2207 896 2271 V
919 2211 970 2290 23,
1001 2206 1155 2291 διατελέῃ
1180 2208 1196 2271 Ι
1218 2209 1268 2288 32,
1302 2205 1403 2291 δοκέῃ
1428 2206 1445 2269 Ι
1470 2208 1528 2268 122

402 2306 448 2371 IV
474 2311 544 2387 120,
574 2309 727 2389 συνοικέῃ
751 2304 785 2368 ΙΙ
810 2308 879 2386 120,
910 2301 1057 2389 ἀπαιτέῃ
1081 2303 1125 2367 VI
1150 2307 1200 2386 86,
1225 2307 1253 2383 1,
1281 2302 1529 2387 στρατηλατέῃς

403 2403 464 2467 Vll
491 2408 539 2481 14,
563 2399 658 2487 οἰκέῃ
682 2400 761 2466 VIII
780 2405 849 2466 106.
880 2400 1000 2466 Contra
1023 2400 1152 2467 deciens
1168 2420 1186 2466 e
1200 2400 1345 2465 codicum
1367 2399 1436 2465 tere
1458 2418 1529 2464 con·

402 2520 499 2567 sensu
521 2505 560 2585 -ῇ
588 2497 713 2564 evadit:
751 2496 918 2583 οἰκοδομῇ
940 2498 1030 2575 121,
1061 2502 1145 2583 ποιῇ
1168 2498 1278 2562 11169
1308 2493 1452 2582 (ποιήσῃ
1476 2496 1527 2572 Ρ),

401 2603 506 2682 ποιῇς
534 2596 691 2669 V11235,
725 2592 868 2680 ἐπιζητῇ
897 2595 946 2659 ΙΙΙ
970 2599 1010 2660 36
1043 2600 1128 2672 (-τοῑ
1154 2606 1224 2659 -τεῖ
1256 2594 1327 2660 sim.
1356 2593 1528 2673 nonnulli),

401 2693 571 2778 ποθῇΙΙΙ
594 2695 635 2757 36
659 2696 755 2767 (ποτε
778 2691 832 2769 R),
861 2689 942 2776 αἱρῇ
965 2692 1009 2757 IV
1034 2694 1105 2771 127,
1136 2691 1275 2777 δηλῇται
1296 2692 1340 2756 IV
1367 2693 1426 2755 187
1456 2688 1527 2775 (δη-

402 2791 496 2856 λεται
518 2788 572 2867 Ε),
601 2786 760 2874 ἐξηγῆται
782 2787 825 2851 VI
848 2790 889 2850 74
919 2788 969 2853 IX
991 2791 1032 2853 66
1061 2786 1252 2874 (ἐξηγέηται
1272 2788 1356 2865 lez),
1384 2793 1526 2874 ποιῇται

401 2886 449 2953 IX
482 2891 533 2950 45.
586 2886 730 2951 Alterum
764 2883 909 2950 codicum
942 2905 1044 2968 genus
1075 2884 1190 2949 ABCd
1220 2887 1265 2950 Vl
1298 2890 1337 2951 57
1375 2890 1527 2970 ποιῆται,

401 2985 462 3049 VII
488 2988 536 3065 10,
561 2988 580 3046 4
608 2981 708 3067 δοκῇι
737 2980 821 3066 δοκῇ
850 2982 976 3063 scribit,
1007 2980 1103 3045 ABG
1123 2981 1174 3046 IX
1197 2986 1238 3048 48
1269 2981 1366 3068 δοκῇι
1393 2982 1526 3063 habent,

400 3082 540 3163 itemque
561 3078 679 3145 nobilis
693 3078 752 3143 illa
773 3077 850 3144 trias
865 3077 963 3141 ABR
977 3104 1033 3165 -η-
1053 3080 1167 3146 habet:
1191 3081 1275 3146 1118
1298 3080 1344 3145 IV
1360 3084 1401 3145 65
1424 3086 1527 3165 ποιῇ-

400 3203 471 3255 ται,
505 3178 556 3242 ΙΙΙ
579 3180 619 3242 36
648 3180 768 3261 ποιῇς,
803 3174 864 3239 VII
886 3178 927 3239 36
957 3180 1117 3261 φοβῆται.
1150 3214 1192 3223 -
1225 3178 1321 3244 Haud
1347 3178 1396 3243 ita
1422 3177 1527 3243 facilis

399 3275 494 3358 igitur
523 3275 604 3340 baec
631 3272 776 3355 quaestio
808 3278 858 3338 est
886 3272 1081 3356 dijudicato,
1113 3295 1189 3338 nam
1218 3293 1323 3358 neque
1350 3282 1429 3358 post
1454 3294 1526 3339 con-

400 3392 497 3438 sonas
519 3376 703 3436 constanter
716 3392 792 3455 -εη-
806 3387 911 3450 neque
933 3376 1006 3452 post
1021 3371 1150 3437 vocales
1164 3396 1222 3457 ·η-
1237 3372 1395 3454 scribitur,
1418 3392 1526 3455 quam·

401 3488 496 3550 quam
519 3467 619 3532 semel
641 3472 763 3530 tantum
778 3464 812 3530 in
829 3471 939 3531 ποιέω
962 3486 1041 3533 voce
1063 3468 1292 3535 formasoluta
1313 3470 1355 3534 ab
1378 3470 1527 3535 omnibus

400 3564 563 3631 codicibus
592 3561 741 3644 traditur3
771 3561 834 3628 nisi
861 3563 942 3628 ratio
971 3564 1099 3629 illorum
1127 3567 1316 3631 aoristorum
1344 3568 1459 3650 paullo
1480 3567 1525 3632 di·

397 3681 494 3728 versa
515 3665 609 3741 esset,
632 3659 702 3726 sino
717 3659 814 3724 dubio
833 3658 952 3742 ubique
967 3685 986 3746 η
1002 3661 1234 3728 restituendum
1248 3682 1322 3729 esse
1342 3683 1524 3746 censerem3

396 3757 433 3822 id
455 3756 540 3838 quod
561 3757 639 3821 mibi
668 3758 769 3822 multo
797 3756 903 3822 minus
925 3757 1034 3822 audax
1062 3758 1189 3823 videtur
1210 3778 1296 3842 esse,
1326 3780 1424 3842 quam
1454 3781 1523 3828 cum

400 3854 547 3920 omnibus
569 3852 746 3919 editoribus
762 3861 794 3919 et
814 3854 1031 3937 grammaticis
1045 3857 1225 3922 contractas
1246 3857 1366 3923 formas
1387 3860 1523 3939 solvere,

398 3952 549 4035 quoniam
581 3974 619 4036 εη
648 3951 780 4016 Ionibus
813 3970 878 4016 non
911 3950 995 4016 adeo
1022 3961 1188 4036 acceptum
1220 3953 1321 4019 tuisse
1349 3974 1408 4037 pro
1438 3962 1523 4023 certo

396 4042 556 4115 affirmare
584 4048 668 4114 licet
713 4046 778 4112 Sed
805 4067 877 4112 cum
905 4066 1010 4130 neque
1032 4073 1070 4134 οη
1094 4057 1221 4133 praeter
1245 4074 1264 4132 η
1288 4051 1410 4134 pariter
1436 4074 1522 4119 usur-

397 4151 508 4228 patum
543 4162 613 4209 esse
645 4143 714 4208 veri
745 4143 851 4210 simile
883 4145 926 4210 sit
959 4165 1062 4227 neque
1090 4147 1151 4213 bac
1184 4148 1217 4212 in
1249 4149 1456 4232 quaestione,
1488 4157 1522 4214 ut

397 4241 613 4323 unusquisque
634 4241 819 4323 intelleget,
849 4260 870 4305 a
891 4242 1054 4308 codicibus
1079 4242 1223 4326 pendere
1244 4244 1420 4329 possimus,
1451 4252 1522 4330 post
