3575 5334
549 701 582 753 de
600 700 714 755 dialecto
732 702 823 755 Attica
840 702 994 755 vetustiore.
1029 702 1064 755 ΙΙ.
1303 700 1363 759 427

330 870 400 936 Iam
422 890 517 953 spero
538 890 603 935 non
625 872 762 955 probare
776 871 937 937 neminem
960 890 1064 954 posse,
1088 872 1173 955 quod
1194 872 1255 938 hcc
1270 882 1367 957 capnt

246 968 468 1052 „spicilegium
497 965 758 1050 quisquiliarum“
786 967 1011 1053 inscripserim.
1057 990 1137 1052 quas
1164 976 1272 1036 tamen
1300 991 1365 1036 non

246 1064 501 1149 praetereundas
517 1084 588 1131 esse
603 1065 793 1147 existimavi,
817 1071 853 1130 ut
867 1086 1000 1147 quarum
1021 1066 1120 1149 aliqui
1141 1067 1276 1133 fortasse
1290 1088 1366 1135 usus

247 1184 318 1230 esse
348 1168 473 1246 posset,
503 1163 530 1228 si
558 1164 591 1227 in
614 1163 786 1247 ampliores
814 1163 914 1227 libros
941 1163 1165 1244 grammaticos
1193 1164 1259 1231 suis
1287 1165 1366 1230 locis

244 1261 473 1343 reciperentur.
512 1259 660 1341 equidem
682 1278 765 1324 nunc
786 1258 830 1324 ad
852 1266 1044 1341 postremam
1066 1268 1190 1343 partem
1212 1261 1366 1345 propositi

244 1358 307 1425 mei
330 1364 467 1422 transeo.

679 1620 804 1697 Omur
830 1622 936 1698 VIH.

441 1788 716 1857 COMPARATIO
738 1791 946 1857 ATTHIDIS
970 1793 1027 1859 ΕΤ
1048 1792 1175 1859 IADIS.

332 1944 444 2009 Sermo
473 1944 595 2009 Atticus
628 1965 649 2009 a
677 1944 768 2008 nulla
796 1943 933 2009 dialecto
963 1944 1107 2011 Graecae
1139 1946 1270 2028 linguae
1302 1953 1381 2011 tam.

246 2061 346 2125 prope
367 2042 460 2107 abest
488 2060 584 2122 quam
612 2042 654 2106 ab
676 2040 794 2106 Ionica.
839 2040 898 2107 sed
919 2060 983 2118 qua
1010 2042 1135 2108 ratione
1156 2062 1227 2108 cum
1257 2063 1297 2109 ea
1319 2064 1369 2110 co·

247 2138 407 2217 haereret,
430 2158 524 2204 nemo
547 2138 653 2203 adhuc
674 2137 852 2203 accuratius
874 2137 1115 2203 demonstrarit.
1153 2139 1238 2221 quod
1260 2141 1368 2206 mirari

247 2256 311 2300 non
344 2255 529 2319 possumus,
562 2236 590 2301 si
623 2242 769 2301 naturam
805 2234 1011 2315 reliquiarum
1043 2235 1206 2317 utriusque
1239 2237 1369 2303 dialecti

247 2339 476 2415 computamus.
527 2341 559 2397 et
594 2333 702 2397 Ionice
735 2332 863 2415 quidem
897 2331 1082 2416 conscripti,
1116 2352 1195 2414 quos
1227 2334 1369 2417 integros

247 2430 411 2512 habemus,
437 2430 512 2495 libri
534 2429 688 2494 Herodoti
710 2433 742 2493 et
765 2429 968 2511 Hippocratis
990 2447 1095 2511 neque
1117 2431 1196 2496 satis
1217 2432 1369 2514 antiquae

245 2528 362 2595 aetatis
392 2535 465 2592 sunt
487 2547 591 2609 neque
613 2546 757 2592 summae
784 2527 881 2592 totius
903 2525 1100 2608 quaestionis
1127 2525 1272 2594 sufficere
1298 2548 1369 2612 pos-

248 2629 322 2689 sunt
358 2624 392 2688 in
428 2623 596 2708 multiplici
630 2624 688 2688 illa
724 2629 779 2687 aut
817 2629 903 2689 certe
942 2623 1143 2707 quadruplici
1182 2623 1370 2692 diversitate

247 2722 460 2787 Ionismorum
483 2721 710 2796 Asiaticorum,
734 2740 830 2802 quam
852 2719 1034 2786 Herodotus
1056 2722 1126 2804 ipse
1147 2723 1178 2801 I,
1205 2726 1270 2793 142,
1286 2744 1370 2789 com·

247 2826 412 2885 memorat.
457 2817 597 2896 accedit,
628 2817 712 2899 quod
740 2817 833 2883 huius
856 2818 1018 2900 scriptoris
1039 2838 1141 2900 genus
1164 2818 1307 2901 dicendi,
1335 2822 1369 2886 in

204 2932 207 2937 ·
248 2937 310 3000 quo
338 2914 568 2999 perscrutando
598 2915 777 2997 complures
805 2914 864 2978 viri
894 2913 979 2978 docti
1007 2935 1075 2979 non
1101 2917 1369 2983 contemnendam

248 3032 378 3096 operam
414 3020 445 3078 et
473 3018 737 3095 consumpserunt
769 3017 801 3076 et
828 3020 1035 3092 consumunt,
1069 3032 1271 3095 nequaquam
1305 3022 1368 3080 tam

248 3110 410 3193 cognitum
433 3109 606 3189 habemus,
636 3115 735 3174 uteo
764 3114 927 3189 tamquam
951 3115 1037 3173 certo
1066 3109 1275 3176 fundamento
1304 3133 1370 3177 am-

248 3207 361 3290 plioris
391 3206 625 3272 dissertationis
657 3206 703 3270 uti
737 3204 904 3289 possimus.
955 3204 1160 3270 conferantur
1192 3208 1287 3271 modo
1320 3229 1369 3289 ea,

249 3323 331 3385 quae
354 3303 395 3369 de
417 3305 478 3369 hac
492 3324 527 3370 re
542 3302 746 3369 Merzdorfius
762 3303 797 3367 iu
818 3302 981 3384 prooemio
995 3300 1246 3379 ,Quaestionum
1268 3326 1370 3387 gram-

250 3401 436 3465 maticarum
460 3400 501 3467 de
524 3402 661 3467 dialecto
684 3399 886 3468 Herodotea“
909 3401 1012 3481 (Stud.
1036 3399 1129 3480 VIII,
1156 3405 1201 3480 1),
1231 3404 1370 3469 maxime

250 3520 281 3581 p.
315 3502 372 3564 131
401 3519 458 3581 sq,
493 3500 648 3583 exposuit.
704 3498 758 3579 qui
795 3518 988 3581 quamquam
1028 3504 1071 3580 tp.
1107 3500 1177 3573 127)
1219 3499 1296 3564 dicit
1329 3500 1370 3565 de

252 3594 390 3661 dlalecto
406 3595 561 3661 Herodoti
583 3592 724 3659 nondum
747 3594 982 3679 desperandum
1005 3613 1085 3674 esse,
1109 3599 1216 3659 tamen
1239 3614 1372 3662 revera

251 3711 286 3757 se
313 3692 356 3756 ab
390 3692 451 3757 hac
485 3692 710 3774 desperatione
737 3711 802 3756 non
830 3693 876 3758 ita
907 3692 1017 3776 procul
1050 3691 1165 3757 abesse
1195 3691 1265 3774 ipsc
1292 3694 1371 3757 milri

250 3787 414 3854 confessus
452 3796 509 3856 est.
564 3807 670 3870 neque
703 3788 999 3872 Hippocraticorum
1033 3789 1187 3854 librorum
1229 3790 1370 3854 conditio

251 3886 350 3950 multo
372 3886 486 3951 melior
508 3892 564 3967 est,
592 3891 626 3949 ut
648 3884 689 3951 de
712 3886 836 3967 exiguis
862 3886 1005 3968 reliquiis
1027 3887 1161 3951 aliorum
1183 3887 1371 3970 scriptorum

250 3989 383 4046 taceam.
429 3983 520 4065 epico
548 4002 625 4047 vero
648 3982 802 4062 sermoni,
833 3983 952 4065 quippe
981 3982 1035 4063 qui
1063 4004 1127 4048 non
1150 3991 1235 4049 certo
1263 3983 1370 4065 aliquo

250 4084 334 4142 statu
362 4079 492 4160 linguae
514 4079 728 4159 contineatur,
758 4077 816 4143 sed
838 4098 878 4144 ex
907 4078 1043 4143 diversis
1066 4080 1210 4145 dialectis
1232 4078 1369 4145 coortam

252 4180 284 4239 et
305 4175 439 4257 singulis
462 4175 537 4240 hinc
558 4175 648 4241 illinc
669 4176 804 4257 arreptis
826 4176 1008 4258 pigmentis,
1039 4182 1073 4240 ut
1095 4176 1140 4241 ita
1162 4176 1276 4258 dicam,
1302 4197 1371 4261 per·

251 4290 395 4354 spersam
411 4272 599 4338 varietatem
622 4292 699 4356 prae
722 4291 756 4338 se
778 4272 868 4353 ferat,
893 4273 1101 4338 vehementer
1122 4273 1301 4339 cavendum
1324 4280 1372 4339 est
