3575 5334
329 699 399 761 248
857 695 944 749 Cauer

424 877 453 937 3.
498 873 609 937 Restat
632 869 759 935 tertium
781 888 882 950 genus
905 866 1139 949 exemplorum,
1169 865 1201 928 in
1225 864 1342 947 quibus
1364 865 1464 946 pristi-

269 983 274 991 '
338 992 455 1053 namq
479 968 622 1033 lonicam
646 967 687 1032 ab
710 966 823 1031 Atticis
850 971 1009 1030 servatam
1040 982 1111 1027 esse
1133 962 1336 1044 Bergkius
1365 968 1463 1043 putat.

339 1069 392 1151 qui
422 1087 492 1131 oum
515 1067 537 1131 l.
560 1067 581 1129 l.
605 1069 645 1129 73
675 1065 761 1129 dicat
784 1088 804 1126 a
827 1064 958 1144 longum
987 1061 1028 1125 ab
1058 1061 1104 1126 eis
1132 1067 1204 1143 post
1234 1060 1364 1124 vocales
1394 1066 1463 1139 etp

338 1167 466 1230 literam
496 1163 675 1228 restitutam
705 1181 790 1242 esse,
820 1159 914 1224 addit
942 1159 974 1222 in
1003 1158 1211 1223 adnotatione
1239 1158 1355 1222 mirum
1386 1176 1463 1236 esse,

339 1262 425 1343 quod
448 1261 571 1326 vocalis
594 1260 791 1341 subsequens
814 1256 951 1321 eandem
973 1256 1184 1320 mutationem
1207 1280 1226 1338 η
1249 1254 1381 1320 Ionicae
1403 1274 1464 1317 non

338 1377 465 1440 semper
481 1357 637 1439 effecerit3
660 1357 749 1421 ouius
765 1355 809 1420 rei
826 1354 919 1419 affert
934 1353 1084 1435 exempla
1101 1353 1163 1436 νηΐ,
1188 1354 1271 1435 νῆες,
1294 1349 1463 1436 προνήῑον,

337 1454 464 1537 γήϊνος,
495 1455 570 1519 alia.
615 1460 712 1534 atque
740 1454 766 1517 si
795 1451 987 1518 sententiam
1011 1450 1071 1514 viri
1101 1449 1277 1515 doctissimi
1305 1446 1394 1514 recte
1421 1450 1464 1511 in·

332 1552 468 1634 ‚tellego,
492 1552 572 1615 miro
596 1549 734 1632 quodam
757 1549 852 1614 modo
876 1547 995 1613 erravit
1017 1546 1058 1611 de
1073 1555 1186 1612 natura
1202 1571 1223 1609 α
1238 1564 1349 1629 purae,
1373 1565 1463 1626 quam

338 1670 403 1715 non
440 1647 707 1729 subsequentibus
744 1646 801 1712 sed
838 1645 1106 1711 antecedentibus
1140 1652 1264 1709 tantum
1302 1643 1465 1707 vocalibus

339 1744 420 1811 effici
443 1751 578 1810 constat.
622 1768 641 1827 q
664 1744 759 1825 igitur
781 1743 814 1807 in
837 1743 902 1808 illis
931 1764 989 1828 pro
1012 1748 1033 1807 ᾶ
1057 1742 1264 1827 pronuntiata
1286 1759 1359 1805 cum
1383 1762 1464 1825 pror-

339 1864 393 1909 sus
416 1864 480 1907 non
504 1843 676 1905 abhorreat
698 1861 717 1904 a
740 1840 971 1906 consuetudine
994 1840 1123 1906 dialecti
1146 1839 1286 1919 Atticae,
1314 1859 1357 1903 ne
1379 1840 1465 1903 locus

339 1939 467 2021 quidem
504 1938 597 2003 datus
631 1944 679 2003 est
712 1938 891 2019 quaestioni
920 1938 961 2002 de
991 1939 1059 2002 eius
1089 1936 1210 2018 origine
1236 1936 1463 2002 instituendae.

338 2036 424 2101 facta
446 2037 532 2100 enim
556 2035 643 2099 baud
667 2035 764 2100 dubie
786 2043 834 2100 est
857 2054 897 2099 en
921 2059 941 2096 α
963 2036 1062 2117 longa
1084 2055 1123 2099 ea
1146 2040 1262 2113 aetate,
1286 2053 1350 2115 qua
1374 2033 1464 2098 Attici

338 2154 410 2198 cum
434 2135 547 2198 ceteris
570 2131 701 2197 Ionibus
730 2140 761 2196 et
791 2132 878 2195 vitae
907 2132 1138 2197 consuetudine
1167 2137 1199 2195 et
1227 2131 1360 2212 linguae
1386 2151 1464 2195 com·

247 2261 250 2269 ·
337 2233 495 2295 munitate
524 2230 683 2294 coniuncti
713 2236 819 2308 erant,
855 2248 915 2293 neo
950 2237 1062 2312 postea
1090 2230 1158 2292 ulla
1187 2248 1338 2309 umquam
1372 2247 1465 2292 eausa

336 2329 412 2409 luit,
444 2348 499 2392 cur
528 2332 549 2391 ἆ
576 2326 803 2392 restitueretur.
849 2344 953 2407 neque
982 2327 1075 2392 aliter
1103 2326 1144 2391 de
1174 2327 1233 2390 bac
1260 2346 1297 2390 re
1324 2326 1481 2391 iudicantv

337 2427 549 2491 Rennerus
572 2425 606 2489 in
637 2422 907 2501 ,Quaestionibus
934 2422 974 2488 de
998 2422 1134 2489 dialecto
1158 2424 1347 2504 antiquioris
1371 2424 1463 2488 Grae·

338 2543 445 2587 corum
469 2523 575 2605 poesis
598 2521 763 2602 elegiacae
786 2526 817 2584 et
838 2519 1028 2599 iambicae“,
1051 2520 1141 2585 Stud.
1161 2522 1186 2603 l,
1213 2526 1240 2601 1,
1267 2524 1328 2584 164
1345 2540 1412 2603 sqq.
1435 2528 1463 2585 et

337 2618 534 2683 Gerthius
569 2619 602 2682 in
631 2615 901 2695 „Quaestionibus
935 2616 975 2681 de
1005 2618 1149 2683 Graecae
1180 2618 1370 2699 tragoediae
1402 2619 1463 2683 dia-

336 2715 419 2779 lecto
428 2719 451 2795 “,
476 2715 519 2777 ib.
544 2718 573 2792 2,
597 2718 658 2777 216
674 2733 732 2794 sq,
763 2734 954 2795 quamquam
978 2716 1119 2796 alioquin
1143 2715 1323 2781 sententiae
1347 2736 1462 2796 eorum,

338 2831 433 2892 quam
468 2817 684 2893 exposuerunt
715 2812 755 2876 de
783 2812 905 2875 ratione
935 2836 952 2893 η
983 2812 1108 2878 Atticae
1142 2833 1182 2878 ex
1215 2817 1237 2876 ἃ
1267 2821 1374 2895 ortae,
1404 2833 1463 2878 non

337 2928 469 2990 prorsus
502 2928 630 2989 possum
664 2909 822 2973 assentiri.
867 2908 909 2972 de
943 2910 989 2973 eis
1017 2915 1141 2991 autem,
1175 2928 1257 2990 quae
1292 2911 1378 2977 inter
1410 2930 1464 2975 nos

337 3025 402 3069 non
437 3006 647 3085 conveniunt,
681 3005 742 3069 hoe
775 3006 845 3069 loco
881 3025 933 3069 me
964 3025 1062 3086 agere
1091 3026 1128 3071 eo
1157 3006 1262 3071 minus
1296 3028 1378 3091 opus
1410 3015 1462 3086 est,

337 3094 421 3184 quod
457 3121 497 3166 ex
537 3094 615 3185 ipsis
648 3094 911 3184 inscriptionibus
940 3103 1054 3168 Atticis
1082 3124 1179 3167 unum
1213 3110 1337 3168 tantum
1372 3106 1463 3188 idque

337 3200 415 3265 satis
438 3200 640 3283 perspicuum
664 3190 846 3282 exemplum
871 3199 932 3263 bue
955 3200 1107 3282 pertinet,
1133 3198 1349 3285 προνήῑον.
1393 3222 1462 3267 nam

331 3315 407 3361 eum
445 3297 476 3360 in
514 3289 739 3361 traditionibus
777 3304 980 3377 quaestorum
1015 3298 1180 3363 Minervae
1215 3297 1312 3362 modo
1351 3297 1385 3363 ἓν
1421 3299 1462 3379 τῷ

336 3394 486 3475 προνηΐῳ
510 3394 605 3457 modo
630 3392 662 3455 ἐν
686 3395 732 3474 aqi
756 3392 887 3476 πρόνεῳ
919 3394 1069 3476 scriptum
1099 3394 1140 3459 sit
1168 3415 1281 3477 parum
1305 3396 1461 3461 constanti

337 3508 405 3566 usu,
429 3483 679 3553 consentaneum
703 3498 751 3554 est
773 3510 871 3572 nonq
895 3492 1049 3572 vocalem,
1073 3512 1155 3574 quae
1178 3499 1226 3557 est
1248 3493 1281 3555 in
1305 3496 1460 3577 προνηΐῳ,

336 3604 467 3650 causam
489 3584 603 3667 fuisse,
634 3604 689 3648 cur
710 3587 752 3649 ab
775 3587 835 3650 hae
864 3587 965 3651 forma
988 3595 1149 3670 tamquam
1173 3589 1284 3653 Ionica
1306 3589 1463 3672 lapicidae

335 3682 369 3746 in
392 3681 621 3747 recentioribus
643 3682 763 3768 tabulis
792 3683 993 3765 recederent,
1022 3686 1079 3750 sed
1108 3686 1190 3751 duas
1218 3686 1337 3752 formas
1365 3706 1462 3771 aeque

336 3780 459 3844 Atticas
483 3799 523 3845 ex
539 3779 666 3843 fortuito
682 3778 880 3860 singulorum
903 3780 1114 3864 lapicidarum
1130 3783 1263 3847 arbitrio
1285 3786 1462 3867 promiscue

335 3883 505 3960 usurpatas
535 3896 615 3942 esse.
660 3878 744 3958 quod
768 3898 829 3959 quo
858 3877 981 3943 facilins
1003 3877 1253 3961 intellegeretur,
1283 3883 1460 3965 catalogum

335 3973 476 4038 omnium
500 3975 717 4057 exemplorum
742 3975 824 4039 infra
853 3976 955 4057 posui.
985 3975 1103 4058 inquo
1127 3996 1260 4059 quarum
1283 3977 1461 4063 inscriptio-

335 4092 410 4135 num
433 4071 557 4137 numeri
581 4073 670 4135 uncis
693 4072 807 4137 inclusi
829 4080 913 4151 sunt,
944 4073 978 4136 in
1001 4074 1047 4138 eis
1069 4074 1174 4157 ipsum
1196 4074 1400 4156 vocabulum,
1424 4076 1460 4140 de

335 4187 397 4249 quo
425 4169 538 4250 agitur,
569 4168 727 4246 deletum,
757 4168 814 4234 sed
838 4189 856 4234 e
882 4168 1047 4236 vicinitate
1073 4172 1208 4236 aliarum
1238 4171 1421 4236 tabularum
1442 4192 1461 4235 a

335 4262 531 4328 Kirebhoffio
560 4266 742 4348 suppletum
772 4273 828 4330 est.
874 4267 1029 4333 rationem
1060 4275 1183 4349 autem,
1217 4288 1313 4349 quam
1343 4269 1401 4334 ille
1424 4269 1459 4333 in
