3575 5334
333 707 395 770 166
706 716 712 723 ·
827 702 968 759 Merzdori

332 884 404 947 loeo
425 879 546 944 fusoum
570 897 694 957 sonum,
721 896 792 941 eum
814 880 835 939 b
858 895 963 959 paene
985 881 1214 957 congruentem
1235 873 1458 957 pronuntiasse

331 996 495 1044 sumamus
518 975 568 1044 (of.
591 976 764 1056 Bragman,
788 974 879 1039 Stud.
900 974 945 1038 lV
967 994 998 1056 p.
1016 976 1085 1055 83);
1109 971 1184 1038 dein
1206 971 1292 1055 quod
1315 996 1353 1038 εο
1370 997 1406 1038 οε
1422 996 1457 1036 oo

331 1074 420 1158 apud
443 1072 616 1138 Dorienses
638 1072 672 1135 in
695 1095 732 1148 ω,
755 1068 844 1154 apud
865 1072 961 1137 Iones
983 1071 1018 1136 in
1040 1095 1078 1135 ov
1101 1070 1122 1134 i.
1146 1089 1174 1135 e.
1198 1073 1219 1131 d
1242 1069 1293 1143 (ai.
1316 1070 1458 1135 Dietrieh

330 1172 365 1237 in
388 1171 496 1235 Kuhn.
519 1190 594 1235 ann.
618 1168 697 1233 XIV
719 1189 750 1251 p.
775 1170 816 1233 48
832 1171 915 1250 squ.)
937 1167 1218 1249 contrahebantur,
1245 1166 1386 1232 eandem
1407 1166 1459 1233 ad·

332 1267 429 1334 mittit
450 1268 503 1333 vel
526 1267 633 1351 potius
655 1265 795 1349 postulat
818 1266 1077 1349 explicationem.

418 1366 522 1431 Breve
543 1371 650 1429 autem
673 1384 693 1425 ιι
716 1363 749 1426 in
779 1364 891 1445 lingua
913 1382 1031 1445 graeoa
1060 1362 1249 1446 plerumque
1272 1362 1306 1426 in
1328 1385 1348 1424 υ
1372 1360 1459 1439 abiit,

300 1456 304 1462 ⁴
331 1463 391 1530 sed
413 1468 448 1526 ut
469 1461 613 1525 Dietrieh
636 1461 658 1524 l.
674 1459 696 1524 l.
720 1460 870 1542 ostendit,
893 1460 928 1525 in
952 1458 1160 1543 diphthongis
1182 1459 1342 1548 antiquior
1364 1477 1460 1523 sonus

333 1560 453 1624 diutius
476 1557 651 1634 remansit,
669 1563 704 1621 ut
725 1581 765 1621 av
789 1578 854 1628 noa
878 1581 899 1619 α
921 1565 962 1634 -Ι-
983 1583 1013 1636 v,
1035 1557 1093 1623 sed
1117 1581 1138 1620 α
1153 1560 1229 1633 -t-rb
1251 1550 1459 1638 significaret3

334 1657 448 1722 eodem
471 1655 566 1719 modo
590 1678 636 1732 ev,
667 1662 702 1718 ut
730 1654 772 1720 de
799 1655 939 1720 barbara
963 1679 1015 1719 οι-
1035 1653 1297 1739 pronuntiatione
1324 1658 1459 1733 taceam,

333 1774 399 1819 non
421 1758 456 1815 ut
485 1759 557 1828 ε-Ι-
571 1776 600 1830 υ,
629 1751 687 1816 sed
710 1758 743 1815 ut
766 1754 872 1828 s-t-nb
893 1751 1169 1835 pronuntiabatur.
1221 1754 1260 1828 ed
1282 1757 1406 1831 autem,
1434 1748 1461 1815 si

335 1850 526 1933 diphthongi
548 1850 582 1913 in
605 1869 725 1914 morem
747 1849 981 1933 pronuntiatur,
1012 1850 1148 1916 eundem
1176 1848 1244 1913 fero
1266 1868 1398 1924 sonum,
1428 1852 1461 1911 ut

333 1948 549 2029 unusquisque
570 1945 641 2029 ipse
664 1946 801 2029 experiri
823 1953 940 2030 potest,
964 1947 1063 2012 habet
1086 1953 1181 2028 atque
1203 1966 1250 2022 eo,
1273 1944 1301 2010 si
1323 1943 1459 2009 modoo

333 2045 421 2111 iusoe
443 2049 478 2108 ut
499 2043 587 2126 apud
608 2045 704 2109 Iones
729 2044 962 2127 pronuntiatur.
1006 2044 1081 2108 Tali
1103 2043 1198 2109 modo
1221 2067 1257 2107 ευ
1282 2043 1345 2118 (aa)
1369 2048 1402 2107 et
1423 2064 1458 2105 εο

333 2142 420 2228 apud
443 2142 539 2208 Iones
560 2142 698 2206 eundem
714 2162 827 2207 sonum
850 2141 1003 2205 habuisse
1014 2140 1083 2224 jam
1099 2141 1224 2207 duabus
1245 2139 1342 2205 robus
1365 2139 1459 2204 etiam

332 2238 470 2304 lueidius
500 2236 736 2304 demonstratur
763 2244 796 2303 et
824 2238 952 2320 poetioa
979 2238 1119 2321 synizesi
1140 2246 1172 2303 et
1193 2237 1358 2302 titulorum
1385 2235 1461 2299 ioni-

332 2356 440 2401 aorum
469 2335 635 2418 scriptura.
680 2334 715 2399 Si
742 2335 828 2399 enim
858 2358 894 2399 εο
924 2335 958 2399 in
986 2334 1067 2416 arsi,
1100 2340 1135 2399 ut
1162 2334 1295 2415 thesim,
1329 2331 1372 2398 de
1399 2351 1461 2414 qua

333 2439 453 2499 eertum
482 2432 638 2516 judicium
671 2452 737 2497 non
771 2438 835 2512 est,
871 2433 1032 2514 omittam,
1066 2432 1195 2515 ponitur
1225 2430 1317 2496 velut
1354 2430 1458 2495 0247

334 2533 476 2606 πλέονές
513 2554 550 2593 κε
587 2535 778 2615 μνηστῆρες
814 2527 850 2595 ἐν
886 2525 1082 2611 ὑμετέροισι
1119 2526 1271 2609 δόμοισι,
1314 2527 1460 2609 Theogn.

334 2647 366 2692 v.
388 2630 440 2692 22.
488 2624 673 2708 Θεόγνιόός
696 2624 787 2691 ἐστιν
811 2625 877 2713 ἐ’ττη
903 2627 963 2697 (Β3
988 2624 1195 2709 Θεόγνιδος),
1222 2646 1253 2689 v.
1276 2626 1317 2688 56
1339 2630 1403 2710 τῆς
1425 2616 1459 2688 δ’

335 2722 493 2804 ἐνέμοντο
517 2722 651 2800 πόλεος,
676 2725 775 2807 epigr.
791 2745 843 2807 ap.
867 2722 985 2789 Herod.
1008 2722 1053 2787 IV
1070 2726 1110 2789 88
1132 2726 1278 2808 Δαρείου
1301 2720 1459 2805 βασιλέος

335 2819 511 2897 ἐκτελέσας
535 2818 619 2884 κατὰ
641 2828 729 2900 νοῦν,
753 2822 823 2904 quis
846 2820 987 2902 dubitat,
1017 2821 1109 2903 quin,
1141 2840 1332 2903 quamquam
1363 2817 1459 2885 sori-

334 2925 453 3003 ptura
490 2915 614 2994 πόλεις
650 2919 808 3000 βασιλεῦς
845 2937 1003 3002 nusquam
1035 2919 1202 3002 reperitur,
1239 2941 1276 2981 εο
1309 2915 1331 2981 i.
1362 2936 1389 2982 e.
1423 2919 1459 2977 ab

335 3013 501 3099 [quoniam
532 3015 671 3080 ionicum
705 3034 721 3077 ο
754 3035 858 3100 paene
889 3019 911 3078 d
944 3022 1004 3092 est)
1042 3015 1233 3101 diphthongi
1269 3015 1303 3079 in
1340 3032 1459 3079 morem

333 3114 575 3197 pronuntiatum
610 3111 674 3177 sit?
714 3132 809 3177 nemo
838 3111 935 3178 eredo
963 3113 1025 3178 hae
1051 3113 1084 3178 in
1112 3133 1148 3180 re
1174 3111 1270 3177 finem
1299 3111 1459 3195 quendam

333 3210 418 3276 inter
440 3209 610 3295 synizesim
634 3215 666 3275 et
688 3209 939 3274 contractionem
962 3211 1154 3277 constituere
1175 3209 1302 3294 poterit

420 3307 553 3373 Aooedit
581 3314 703 3389 autem,
733 3306 819 3388 quod
848 3306 882 3371 in
911 3307 1013 3373 titulis
1040 3309 1155 3374 ioniois
1180 3306 1340 3391 genuinas
1369 3304 1460 3388 diph-

331 3404 475 3485 thongos
504 3428 540 3469 εο
569 3427 625 3480 av,
660 3423 743 3485 quae
770 3405 903 3487 antiquo
931 3426 972 3467 aa
999 3405 1211 3489 respondent,
1246 3422 1394 3488 quaeque
1422 3422 1460 3468 en

337 3507 409 3577 s-t-
425 3523 453 3578 o,
483 3523 504 3562 α
519 3509 592 3578 -1-ο
615 3500 744 3566 omnino
768 3501 843 3567 oriri
864 3502 1060 3584 nequibant,
1089 3523 1155 3568 non
1176 3522 1236 3586 per
1260 3528 1297 3567 εο
1320 3526 1375 3579 οι,
1403 3500 1460 3567 sed

334 3615 518 3679 persono
549 3596 683 3678 seriptas
711 3598 908 3679 invenimus,
938 3618 1001 3681 qna
1023 3618 1064 3665 ex
1085 3618 1120 3665 ro
1140 3620 1161 3662 ο
1183 3607 1216 3665 et
1237 3604 1273 3677 b,
1303 3623 1340 3665 εο
1364 3623 1407 3664 ao
1430 3606 1461 3664 et

336 3716 372 3758 ευ
389 3716 430 3756 av
453 3693 631 3759 eonoinisse
652 3697 837 3778 apparet.¹⁷)
870 3696 949 3761 Onm
963 3702 1061 3761 antea
1075 3695 1156 3763 haee
1170 3702 1295 3761 tantum
1310 3698 1461 3781 exempla

407 3885 439 3950 Π)
457 3884 592 3939 Ermanus
610 3886 687 3940 Stud.
704 3885 730 3940 V
747 3901 774 3953 p.
793 3889 842 3940 294
866 3891 946 3955 putat
962 3903 994 3943 eo
1012 3893 1141 3957 tempore,
1163 3904 1215 3957 qno
1234 3906 1262 3941 ει
1277 3904 1331 3957 per
1348 3907 1378 3942 ει
1396 3888 1461 3945 seri·

336 3962 460 4031 bebatur,
478 3965 567 4031 Iones,
585 3969 616 4020 ut
628 3964 773 4034 genuinam
791 3965 986 4037 diphthongum
1004 3987 1033 4021 ει
1051 3986 1068 4024 a
1086 3970 1203 4024 subnata
1219 3986 1248 4023 εν
1266 3968 1460 4035 dnoemerent,

335 4044 408 4100 hanc
426 4045 508 4113 signis
526 4064 554 4099 ει
571 4046 646 4101 illam
662 4045 745 4114 signis
763 4064 790 4099 ει
809 4049 984 4115 expressisse.
1020 4049 1073 4105 Sed
1094 4065 1165 4120 quae
1185 4049 1256 4104 ratio
1278 4064 1339 4104 esse
1363 4049 1460 4119 potuit,

321 4140 391 4196 ,qua
410 4125 463 4181 duo
481 4125 549 4190 soni,
568 4132 648 4180 antea
666 4126 773 4180 duobus
792 4129 913 4194 expressi
931 4129 1026 4198 signis,
1043 4132 1129 4199 primo
1147 4145 1202 4186 uno
1219 4128 1369 4200 eodemque
1386 4129 1459 4198 signo

335 4205 562 4272 exprimerentur,
586 4213 644 4261 tum
661 4222 756 4260 rursus
774 4206 1005 4273 distinguerentur
1019 4210 1060 4264 ita
1077 4216 1168 4267 tamen
1185 4215 1230 4278 ut,
1257 4211 1338 4280 eujus
1356 4210 1459 4279 signnm

330 4287 418 4336 antea
433 4302 463 4336 so
481 4285 586 4352 fuisset,
603 4288 627 4342 is
642 4302 694 4356 per
712 4304 748 4352 ιν,
768 4287 846 4356 eujus
859 4287 964 4357 signum
973 4293 1057 4344 antea
1071 4310 1109 4356 ευ,
1127 4292 1151 4347 is
1167 4307 1217 4362 per
1234 4310 1262 4345 ει
1274 4289 1457 4346 soriboremr?
