3575 5334
638 727 670 781 de
688 726 804 783 dialecto
822 726 914 783 Attica
931 726 1086 781 vetustiore.
1120 725 1155 779 IL
1395 727 1456 786 413

331 900 447 967 aetatis
478 899 644 966 conclusit.
689 898 757 964 eius
785 906 891 963 autem
921 897 1161 981 indagationem
1191 900 1233 965 ad
1255 918 1361 965 meum
1387 921 1458 983 pro·

332 1000 471 1083 positum
493 1018 559 1062 non
581 998 742 1081 pertinere
764 996 820 1060 vix
842 1003 891 1061 est
912 1016 967 1061 our
989 1016 1242 1064 commemorem.

418 1094 593 1161 earundem
616 1095 730 1161 harum
753 1093 900 1178 stirpium
928 1094 963 1158 in
986 1118 1035 1172 cv,
1066 1118 1103 1161 ετ
1131 1096 1345 1162 desinentium
1369 1117 1384 1161 e
1406 1114 1458 1161 ex·

332 1200 469 1260 tremam
480 1191 633 1275 vocalem,
649 1191 704 1257 ubi
719 1199 793 1276 post
806 1192 948 1274 aliquam
964 1195 1107 1259 vocalem
1123 1195 1229 1279 posita
1244 1201 1301 1276 est,
1317 1214 1387 1259 eum
1404 1216 1458 1261 vo-

332 1293 395 1360 oali
410 1288 643 1359 terminationis
654 1289 794 1373 genetivi
808 1289 888 1373 sing.
904 1296 959 1355 aut
971 1291 1145 1357 accusativi
1163 1292 1244 1376 plur.
1260 1300 1455 1359 contractam

332 1388 434 1457 habes
456 1390 490 1455 in
512 1386 563 1455 his
586 1388 759 1472 exemplis:
781 1385 948 1469 At’y'rttuic
971 1390 1078 1469 318A,
1100 1402 1125 1454 9.
1151 1385 1320 1467 Ἑστιαιᾶς
1342 1394 1393 1471 29,
1419 1404 1455 1455 10.

331 1486 468 1563 Πολιῶς
494 1491 563 1564 155,
578 1498 602 1551 8.
630 1485 726 1566 1570,
749 1496 773 1551 9.
800 1489 896 1569 158a,
917 1498 941 1550 8.
971 1487 1133 1568 Πρασιῶς
1149 1490 1257 1571 318Α,
1282 1500 1320 1555 to.
1349 1487 1456 1552 Πολι-

333 1590 426 1665 έω[ς],
450 1585 535 1668 quod
557 1583 779 1651 Weckleinius
802 1583 837 1648 O.
860 1584 880 1649 i.
905 1585 962 1650 Gr.
983 1589 1022 1649 70
1045 1588 1099 1661 (ε
1115 1585 1149 1651 0.
1172 1587 1192 1652 i.
1216 1588 1252 1651 Α.
1273 1590 1305 1663 2)
1328 1592 1457 1653 exstare

332 1686 409 1751 dicit
432 1682 518 1761 (Cur.
541 1702 590 1767 ep.
617 1685 682 1762 18),
712 1700 816 1764 neque
841 1683 875 1746 in
898 1683 959 1748 hoo
981 1683 1074 1748 titulo
1097 1702 1200 1766 neque
1222 1685 1301 1750 alibi
1322 1705 1455 1768 usquam

331 1782 473 1867 reperire
497 1780 596 1865 potui.

418 1887 448 1945 5.
492 1880 542 1944 De
571 1876 848 1961 pronominum
879 1875 1094 1945 declinatione
1122 1880 1202 1944 nihil
1239 1880 1343 1945 habeo
1372 1880 1457 1963 quod

331 1978 474 2058 afferam,
497 1976 558 2041 nisi
589 1973 675 2057 quod
704 1966 844 2068 ὃαῦτός
872 1973 1070 2057 pronominis
1092 1978 1259 2062 compositi
1281 1978 1314 2041 in
1344 1987 1457 2044 neutro

330 2094 449 2159 genere
477 2074 600 2138 formae
635 2071 826 2155 primigenia
854 2070 893 2137 τὸ
923 2064 1003 2136 αὐτό
1038 2080 1070 2139 et
1099 2077 1257 2141 recentior
1288 2073 1326 2139 τὸ
1357 2068 1456 2140 αὐτόν

330 2175 394 2239 iam
417 2178 493 2237 ante
514 2171 683 2236 Euclidem
706 2189 808 2252 aequo
830 2170 899 2237 iure
921 2177 1092 2255 usurpatae
1114 2189 1185 2238 esse
1207 2172 1364 2239 videntur.
1402 2192 1456 2240 ex-

331 2276 395 2337 stat
417 2270 503 2335 enim
527 2272 623 2349 3240,
646 2279 676 2330 23
697 2264 736 2331 τὸ
759 2264 879 2344 civim)
907 2269 993 2335 etin
1015 2270 1118 2335 attera
1140 2271 1289 2336 columna
1312 2272 1455 2337 eiusdem

330 2366 449 2451 lapidis
471 2378 511 2431 24.
534 2378 564 2430 25
592 2362 630 2429 τὸ
654 2357 785 2444 chidon.
829 2365 954 2432 accedit
978 2364 1017 2430 τὸ
1047 2360 1146 2431 αὐτόν
1174 2371 1279 2444 322a,
1302 2381 1342 2433 23.
1379 2370 1455 2454 alia,

331 2485 414 2547 quae
435 2463 479 2529 ad
505 2484 596 2529 usum
627 2465 740 2530 harum
769 2462 951 2547 formarum,
980 2465 1034 2547 qui
1058 2464 1146 2549 apud
1176 2474 1287 2548 poetas
1313 2467 1456 2533 scenicos

330 2562 433 2645 fuerit,
456 2562 628 2645 pertinent,
652 2580 672 2625 a
693 2560 894 2626 Weckleinio
917 2582 948 2645 p.
972 2564 1012 2625 29
1035 2563 1137 2628 allata
1158 2571 1241 2629 sunt.

781 2899 906 2975 Oneon
932 2902 999 2977 VI.

540 3054 613 3134 'nu
637 3067 963 3136 uuouruuuuouu
987 3067 1232 3164 uuucoauu.

418 3228 446 3288 t.
475 3223 724 3289 Terminationis
746 3222 861 3287 tertiae
882 3240 1041 3305 personae
1062 3221 1145 3304 plur.
1168 3220 1248 3303 peri.
1272 3228 1304 3287 et
1325 3223 1454 3305 plusqp.

328 3321 413 3386 med.
442 3327 645 3388 vetustam
667 3319 832 3385 formam
860 3343 992 3394 -αται,
1023 3340 1119 3381 -ατο
1150 3318 1183 3382 in
1206 3316 1307 3385 tribus
1328 3325 1453 3385 tautum

330 3418 486 3503 exemplis
508 3419 630 3502 reperi:
657 3412 948 3502 [ἆτ]αγεγρα’φαται
963 3420 1038 3497 380,
1056 3426 1079 3479 3.
1111 3412 1284 3496 ἐτετάχατο
1308 3422 1359 3498 40,
1375 3429 1398 3481 9.
1414 3429 1454 3481 31.

328 3514 535 3601 γεγράφαται
558 3522 608 3597 40,
635 3528 671 3580 to.
710 3535 792 3598 quae
814 3515 964 3599 quoniam
987 3516 1025 3581 G.
1049 3512 1187 3593 Curtius,
1210 3512 1291 3590 „das
1315 3514 1455 3579 Verbum

329 3612 386 3678 der
408 3613 630 3696 griechischen
645 3613 819 3696 Spraohe“‚
843 3613 868 3695 Ι,
892 3634 924 3695 p.
940 3616 991 3692 00,
1015 3610 1070 3676 ubi
1090 3610 1218 3676 uberius
1242 3609 1282 3676 de
1304 3617 1371 3676 toto
1395 3613 1456 3678 hoo

328 3730 448 3793 genere
470 3712 551 3793 egit,
578 3711 649 3793 ipsa
672 3730 796 3793 quoque
818 3710 882 3774 iam
904 3710 1028 3790 attulit,
1058 3708 1137 3775 satis
1159 3727 1317 3791 superque
1338 3728 1390 3774 me
1412 3710 1456 3774 ie-

330 3808 411 3874 oisse
434 3815 521 3892 puto,
544 3808 630 3891 quod
653 3828 692 3873 ea
713 3808 765 3873 hic
787 3807 893 3873 denuo
916 3806 1083 3890 adscripsi.
1294 3858 1313 3897 ⁸

416 3908 445 3971 2.
489 3906 762 3971 'terminationem
785 3904 899 3970 tertiae
926 3922 1084 3986 personae
1110 3904 1192 3988 plur.
1215 3903 1455 3987 imperativi

402 4158 432 4222 ¹³)
457 4156 514 4212 noli
538 4157 630 4211 mirari
652 4154 684 4208 τὸ
704 4154 770 4207 αὑτὸ
792 4171 842 4226 pro
867 4153 899 4206 τὸ
919 4148 985 4206 αὐτό
1005 4153 1135 4226 scriptum
1157 4170 1218 4209 esse
1240 4154 1268 4207 in
1289 4153 1341 4208 hoe
1365 4152 1454 4220 lapide

329 4238 516 4305 pneumatice,
537 4237 569 4293 de
587 4254 641 4306 quo
659 4236 719 4292 vide
736 4250 806 4305 quae
823 4236 851 4290 in
868 4234 959 4306 priore
976 4239 1054 4303 parte
1071 4234 1168 4288 herum
1185 4234 1372 4303 quaestionum
1390 4232 1453 4295 dixi,

330 4334 357 4386 p.
378 4322 426 4371 238
441 4333 480 4386 sq.
1311 4341 1314 4348 ·
