3575 5334
405 694 466 753 100
929 698 1030 752 Clemm

405 864 565 951 ἀλέγουσι
593 862 667 933 ἀντὶ
694 875 754 937 τοῦ
784 864 1016 953 συλλέγουσιν·
1052 868 1150 955 δηλοῖ
1177 868 1241 953 γάρ
1269 868 1308 934 τὸ
1331 892 1354 932 α
1375 866 1416 933 τὸ
1440 866 1534 950 ὁμσῦ.

404 965 548 1030 Priorem
571 965 818 1049 explicationem
841 965 1025 1033 Loheckius
1048 967 1136 1049 path.
1160 968 1289 1032 111146
1311 966 1357 1031 ita
1380 965 1533 1048 defendit,

404 1070 439 1126 ut
474 1064 575 1147 alpha
611 1065 887 1147 paremphaticum
922 1083 994 1130 esse
1029 1070 1148 1129 statuat
1186 1064 1271 1146 quod
1306 1083 1414 1145 neque
1453 1062 1533 1128 nihil

405 1158 563 1241 significet
584 1180 690 1243 neque
711 1157 906 1244 privativum
929 1167 986 1225 aut
1006 1162 1222 1244 copulativum
1246 1160 1308 1227 dici
1331 1161 1443 1244 possit.
1485 1162 1533 1227 Ne
1579 1158 1586 1208 t

404 1256 486 1321 illud
509 1257 621 1322 mirum
645 1267 730 1325 esset
753 1257 930 1342 praefixum
951 1259 978 1323 si
1007 1261 1164 1323 exstaret!
1207 1259 1250 1323 At
1271 1258 1371 1341 alpha
1393 1258 1438 1323 ad
1466 1260 1534 1324 stir-

403 1374 478 1437 pem
511 1356 672 1438 pertinere
705 1356 860 1421 concedet
892 1357 946 1438 qui
979 1375 1050 1421 cum
1079 1355 1274 1421 Doederlino
1307 1356 1405 1437 gloss.
1441 1354 1531 1420 Hom.

402 1451 418 1515 1
442 1455 482 1516 76
497 1472 544 1534 sq.
568 1448 669 1535 ἀλγος
698 1454 941 1535 comparaverit.
986 1455 1036 1518 Ex
1058 1474 1118 1519 usu
1139 1453 1225 1520 enim
1247 1452 1417 1518 Homerico
1440 1472 1531 1535 quem

402 1548 486 1613 bene
519 1549 691 1614 illustravit
726 1550 775 1614 vir
803 1550 1005 1616 doctissimus
1031 1551 1052 1615 l.
1082 1552 1103 1615 1.
1133 1550 1210 1615 mihi
1240 1550 1369 1632 quidem
1398 1556 1532 1633 apparet

402 1644 478 1709 huic
498 1646 597 1711 verbo
620 1646 752 1713 subesse
782 1667 877 1714 curae
904 1648 1068 1713 notionem
1092 1655 1189 1730 atque
1211 1648 1394 1713 anxietatis.
1440 1646 1531 1725 Quod

403 1759 531 1823 semper
549 1742 616 1808 lere
639 1763 710 1809 cum
731 1745 905 1827 negatione
927 1744 1131 1826 conjungitur
1152 1745 1213 1810 hoe
1229 1744 1361 1810 verbum
1378 1740 1439 1809 σάκ
1457 1740 1530 1809 ἀλέ-

403 1860 490 1920 γειν,
520 1846 662 1905 nostrum
692 1841 834 1907 conferre
864 1841 955 1906 licet:
992 1841 1057 1903 siclt
1086 1841 1196 1903 λοάιοα
1218 1842 1372 1903 Κυνννιον
1393 1841 1529 1918 lanchen,

402 1936 484 1999 nihil
507 1955 627 2003 curare.
658 1939 793 2003 Dubitat
808 1938 1022 2019 (1116111366,
1041 1940 1112 2017 719,
1136 1958 1327 2021 quamquam
1347 1958 1408 2004 nec
1430 1940 1529 2007 forma

403 2032 577 2115 quidquam
606 2035 703 2100 habet
726 2034 922 2101 difficultatis
944 2054 1005 2099 nec
1027 2036 1138 2117 procul
1160 2037 1252 2100 abest
1273 2034 1476 2117 significatio.

489 2172 520 2246 7)
558 2164 709 2251 ἀξύλος
732 2171 849 2253 legitur
871 2174 910 2234 A
936 2175 994 2234 155

508 2298 555 2381 ὥς
579 2302 613 2369 d'
639 2302 695 2370 ὅτε
718 2312 786 2389 ντῦρ
810 2303 950 2392 ἀίδηλον
974 2303 1009 2371 ἓν
1032 2300 1166 2390 ἀξύλῳ
1189 2302 1322 2391 ἒμντέση
1346 2302 1408 2390 ὕλη

401 2440 501 2505 schol.
533 2440 561 2503 A
595 2438 784 2525 καταξύλῳ·
813 2438 1048 2525 πολυξύλιρ·
1077 2438 1116 2503 τὸ
1146 2438 1209 2523 γάρ
1239 2463 1261 2503 α
1289 2445 1347 2504 νῦν
1377 2438 1416 2506 οὐ
1448 2439 1528 2505 κατὰ

402 2534 561 2621 στέρησιν
585 2530 668 2600 ἀλλά
692 2530 780 2601 κατ’
806 2536 1017 2614 ἐπίτασιν,
1042 2536 1141 2601 etita
1163 2536 1307 2619 plerique
1329 2538 1384 2602 alii
1407 2545 1528 2604 veteres

401 2633 594 2716 interpretes
616 2634 724 2715 Apoll.
741 2637 792 2715 37,
817 2639 846 2714 7,
869 2635 920 2699 Et.
936 2636 977 2699 M.
1000 2639 1071 2714 141,
1095 2640 1146 2713 65,
1170 2632 1319 2716 Hesych,
1343 2631 1445 2713 suia,
1468 2637 1527 2701 lex.

401 2728 475 2810 Seg.
492 2733 564 2810 413,
583 2735 631 2810 11,
655 2732 800 2795 Eustath.
832 2732 896 2796 Alii
912 2726 1085 2812 ἀμόξυλος,
1108 2732 1213 2813 Apoll.
1230 2731 1250 2793 1.
1268 2731 1288 2794 1.
1306 2727 1390 2811 ὅμου
1407 2729 1525 2816 ἐχούσῃ

403 2823 583 2911 πεφυκότα
612 2827 670 2891 καὶ
699 2827 975 2914 συνηθροισμένοι
1003 2827 1045 2891 τὰ
1081 2825 1176 2907 ξύλα,
1211 2828 1407 2911 Porphyrius
1444 2829 1528 2894 deni-

401 2944 463 3006 que
491 2943 554 2990 sec.
578 2923 677 2990 schol.
703 2923 776 2989 BL
806 2927 857 3002 (cl.
881 2947 978 3009 supra
1000 2948 1031 3009 p.
1054 2928 1085 2998 61
1115 2922 1285 2989 artificiosa
1315 2925 1527 3007 explicatione

400 3021 500 3103 alpha
521 3041 578 3104 pro
601 3021 760 3103 privativo
782 3022 896 3087 habet:
934 3021 1011 3103 ἐμοὶ
1034 3020 1071 3085 δὲ
1096 3019 1192 3084 ἀσκεῖ
1213 3018 1334 3100 ἀξυλον
1357 3020 1469 3105 λέγειν
1492 3018 1526 3086 οά

354 3111 356 3118 ’
401 3115 486 3182 κατά
515 3115 673 3204 στέρησιν
703 3124 762 3182 τοῦ
795 3117 892 3197 ξύλου
928 3116 1062 3201 (έτιάγει
1090 3115 1153 3200 γὰρ
1182 3116 1238 3195 ,οἱ
1268 3117 1304 3183 δέ
1333 3142 1370 3183 τε
1400 3118 1527 3202 θάμνοι

400 3213 579 3301 πρόῤῥιζοι
601 3221 787 3280 πίπτουσιν
796 3220 821 3290 “l
845 3212 929 3279 ἀλλά
945 3212 1029 3279 κατά
1049 3212 1207 3300 στέρησιν
1230 3220 1289 3278 τοῦ
1312 3214 1526 3294 ξυλίσασθαι.

400 3314 607 3378 Recentiores
634 3313 825 3396 interpretes
854 3321 911 3378 aut
938 3313 1038 3395 alpha
1065 3312 1259 3377 intensivum
1289 3322 1469 3393 agnoscunt
1496 3319 1527 3377 ut

400 3410 600 3473 Duentnerus
635 3417 667 3472 et
695 3410 743 3473 La
771 3411 918 3475 Recheus
954 3416 1011 3475 aut
1039 3408 1251 3492 Porphyrium
1280 3409 1381 3472 secuti
1410 3405 1527 3490 ἄξυλος

400 3505 486 3569 idem
515 3524 586 3569 esse
614 3506 726 3569 volunt
754 3507 839 3587 quod
870 3503 1047 3586 ἀξύλιστος
1075 3512 1110 3570 ut
1138 3504 1353 3570 Doederlinus
1383 3514 1415 3571 et
1447 3508 1527 3571 Hen-

400 3602 552 3681 niekeus‚
581 3601 666 3681 quod
689 3603 848 3684 quomodo
870 3603 939 3669 fieri
960 3603 1099 3686 potuerit
1120 3622 1185 3667 non
1208 3622 1371 3683 assequor.
1416 3605 1527 3685 ltaque

399 3719 465 3762 una
500 3705 645 3779 superest
680 3701 851 3782 explicatio
880 3701 922 3765 ab
951 3702 1087 3781 Hugone
1116 3700 1269 3778 Webero,
1303 3698 1420 3763 Philol.
1451 3700 1527 3765 XVI

401 3799 462 3859 680
489 3795 614 3878 prolata
640 3816 703 3878 qua
729 3790 849 3877 ἀξύλος
875 3818 895 3861 a
920 3796 1028 3861 radice
1054 3795 1094 3857 ολ
1119 3803 1267 3872 „acutum
1294 3801 1387 3860 esse“
1413 3798 1527 3863 eodem

400 3892 495 3958 modo
513 3890 678 3957 descendit
700 3915 762 3975 quo
786 3891 927 3977 ἀγκύλας
942 3894 983 3958 ab
1000 3890 1062 3975 ἀγκ
1085 3912 1277 3973 sensumque
1299 3894 1436 3974 praebet
1459 3896 1527 3960 loco

399 3988 449 4054 illi
479 3989 647 4054 Homerico
677 3992 893 4073 aptissimum:
931 3990 984 4071 qui
1015 3997 1079 4054 stat
1115 3991 1285 4071 horreique
1323 3989 1432 4072 spicis.
1478 3990 1528 4056 Ad

398 4087 671 4169 comprobandam
696 4089 779 4152 hanc
802 4089 1048 4171 explicationem
1072 4088 1228 4152 Weberus
1249 4106 1315 4150 non
1337 4088 1424 4152 male
1446 4089 1529 4170 glos·

399 4204 467 4248 sam
497 4184 625 4249 asciscit
649 4185 818 4267 Hesychii:
856 4181 952 4265 ἀξος·
986 4181 1045 4269 ἀλη
1071 4182 1164 4267 παρὰ
1190 4182 1411 4261 Μακεδόσιν,
1441 4182 1528 4249 unde

399 4282 502 4347 altera
525 4281 683 4363 quaedam
706 4278 801 4361 ἀζοξ·
825 4275 884 4367 61η
916 4282 985 4347 sine
1015 4279 1110 4345 dubio
1133 4280 1311 4363 depravata
1333 4285 1391 4346 est.
1437 4280 1528 4347 Nihil
