3575 5334
659 696 692 750 de
710 697 826 752 dialecto
845 698 938 750 Attica
955 696 1108 751 vetustiore.
1142 696 1164 748 Ι.
1411 698 1474 758 245

343 874 463 950 poetae
487 868 575 950 origo
598 869 721 934 suadet.
744 904 784 915 —
810 870 945 934 alterum
970 870 1152 951 exemplum
1176 879 1225 935 est
1248 870 1281 935 C.
1306 873 1325 936 i.
1349 874 1387 937 Α.
1411 877 1474 938 528
1514 954 1516 957 Ι

344 994 387 1015 =
416 962 450 1027 C.
480 964 500 1028 i.
531 966 585 1031 Gr.
609 969 671 1030 526
699 967 732 1029 in
761 968 897 1031 termino
929 968 1010 1031 sacri
1038 968 1101 1031 luci
1130 968 1311 1048 Minervae,
1348 972 1381 1034 in
1411 991 1473 1053 quo

345 1062 499 1143 scriptum
521 1082 638 1127 nomen
663 1062 743 1128 deae
766 1066 898 1129 Rossius
921 1067 1045 1147 legerat
1063 1057 1265 1144 Ἀθηναίας,
1300 1067 1474 1133 Fourmon-

344 1159 407 1221 tius
433 1150 628 1244 Ἀθηναίης.
673 1161 735 1224 iam
764 1180 839 1225 vero
870 1162 1025 1227 habemus
1051 1162 1230 1227 accuratius
1252 1165 1472 1248 apographum

345 1254 516 1336 Schoellii,
547 1275 649 1338 equo
671 1266 806 1340 apparet
829 1265 1005 1324 extremam
1035 1260 1128 1323 huius
1151 1260 1272 1335 lormae
1294 1261 1324 1322 Σ
1348 1262 1473 1326 literam

346 1352 534 1434 evanuisse,
565 1356 796 1436 paenultimam
819 1362 926 1421 autem
948 1358 994 1421 ita
1016 1357 1194 1420 mutilatam
1218 1377 1303 1439 esse,
1334 1366 1368 1422 ut
1390 1361 1473 1424 hanc

345 1451 502 1533 praebeat
523 1451 673 1516 formam:
698 1451 739 1533 sti
762 1472 844 1534 quae
866 1454 1016 1535 quoniam
1039 1453 1081 1517 ad
1097 1453 1128 1514 Α
1143 1475 1237 1536 quam
1259 1455 1301 1519 ad
1319 1457 1345 1519 Ε
1360 1456 1475 1521 literae

344 1546 479 1629 figuram
502 1549 633 1630 propius
656 1549 796 1630 accedit,
823 1557 931 1615 nostro
954 1551 1022 1615 iure
1043 1551 1116 1614 huic
1138 1553 1229 1616 titulo
1252 1554 1390 1618 Atticam
1413 1554 1474 1617 ior-

344 1656 429 1709 mam
450 1638 636 1728 Ἀθηναίας
665 1646 830 1711 vindicare
858 1667 1036 1730 possumus.
1065 1684 1106 1693 —
1135 1651 1260 1714 tertium
1291 1653 1472 1734 exemplum

345 1749 393 1806 est
409 1742 545 1824 Ephem.
563 1747 655 1822 3208,
679 1745 733 1808 ubi
749 1746 783 1808 in
801 1745 1011 1828 inscriptione
1035 1745 1158 1809 donarii
1181 1747 1299 1829 privati
1321 1749 1473 1831 scriptum

346 1845 394 1903 est
412 1831 595 1925 Ἀθηναίη;
626 1840 683 1906 sed
713 1861 783 1906 cum
813 1843 863 1906 hic
893 1843 1003 1908 titulus
1029 1864 1092 1907 non
1116 1844 1239 1909 Atticus
1261 1847 1316 1925 sit,
1347 1846 1403 1911 sed
1427 1866 1474 1911 re·

345 1942 454 2024 pertus
478 1936 563 2003 Ceae
584 1938 618 2002 in
641 1938 755 2019 insula,
780 1939 856 2020 quid
879 1960 919 2005 ex
943 1960 981 2005 eo
1004 1939 1045 2003 de
1069 1940 1206 2005 dialecto
1227 1943 1472 2009 Atheniensium

347 2032 426 2098 disci
458 2036 573 2117 possit,
612 2036 700 2100 haud
733 2038 827 2102 facile
860 2046 936 2119 puto
970 2037 1205 2101 Weckleinium
1240 2041 1472 2122 explicaturum

346 2148 425 2195 esse.
455 2166 496 2176 -
528 2132 592 2196 iam
626 2133 738 2198 similis
768 2136 896 2216 generis
927 2126 1047 2199 addere
1080 2154 1207 2215 possum
1242 2145 1388 2217 quartum
1420 2157 1473 2202 ex-

346 2229 485 2311 emplum
520 2228 553 2293 O.
582 2231 603 2294 i.
635 2232 670 2294 Α.
702 2235 779 2311 374,
802 2243 832 2312 2,
851 2222 952 2313 'quod
985 2232 1090 2294 minus
1119 2231 1214 2296 etiam
1244 2252 1337 2314 quam
1366 2242 1473 2299 cetera

346 2327 446 2406 valet,
482 2328 558 2407 quia
593 2334 641 2391 est
677 2327 711 2390 in
745 2328 953 2411 inscriptione
982 2327 1106 2392 donarii
1139 2329 1284 2394 versibus
1321 2330 1472 2412 elegiacis

345 2424 536 2505 composita,
574 2423 607 2487 in
642 2425 757 2505 quibus
789 2427 870 2491 alias
904 2446 1029 2507 quoque
1062 2425 1173 2491 Ionica
1205 2425 1343 2491 dialecto
1376 2434 1473 2510 poeta

346 2541 421 2586 usus
444 2529 502 2586 est.
1094 2576 1097 2579 ί
1173 2574 1184 2580 ,,

346 2656 348 2660 -
431 2618 476 2681 ita
500 2618 650 2699 quoniam
673 2619 796 2682 nullum
827 2619 1003 2701 reperimus
1026 2620 1207 2701 exemplum
1229 2617 1392 2705 Ἀθηναίη
1416 2643 1472 2687 no·

347 2714 441 2778 minis
475 2715 507 2778 in
541 2716 801 2797 inscriptionibus
834 2734 910 2780 vere
939 2717 1054 2782 Atticis
1087 2719 1211 2801 scripti,
1245 2720 1307 2782 iam
1340 2739 1473 2785 consen·

346 2820 476 2877 taneum
506 2817 554 2877 est
576 2812 825 2876 Weckleiuii
854 2813 1023 2895 iudicium,
1052 2815 1137 2895 quod
1167 2816 1323 2897 exemplis
1350 2817 1473 2899 epigra-

347 2909 450 2990 pbicis
471 2908 611 2972 maxime
639 2909 765 2989 nititur,
795 2910 888 2976 nobis
919 2913 1087 2994 probatum
1116 2932 1180 2975 non
1210 2912 1258 2975 iri.
1303 2913 1359 2977 illc
1387 2916 1472 2979 euim

348 3006 415 3087 etsi,
441 3026 503 3087 qua
526 3011 575 3069 est
596 3006 629 3068 in
651 3006 729 3088 ipsis
754 3006 1064 3098 hisquaestionibus
1080 3010 1193 3073 Atticis
1216 3009 1473 3091 breviloquentia

347 3123 475 3186 prorsus
497 3102 674 3184 Laconica,
708 3123 772 3167 non
795 3106 873 3169 satis
903 3106 1051 3169 distincte
1074 3104 1165 3183 dicit,
1195 3104 1272 3185 quid
1295 3103 1335 3167 de
1357 3124 1472 3186 cogna-

346 3202 433 3265 tione
456 3200 598 3266 Atthidis
622 3209 653 3265 et
675 3200 763 3265 Iadis
786 3202 921 3283 sentiat3
951 3208 1074 3276 tamen,
1105 3200 1131 3263 si
1154 3201 1254 3263 verba
1276 3200 1359 3278 eius,
1389 3221 1472 3281 quae

347 3306 421 3363 sunt
443 3298 484 3363 de
507 3298 672 3362 Minervae
695 3299 833 3373 nomine,
857 3299 982 3362 collatis
1004 3298 1078 3361 aliis
1099 3297 1179 3361 locis
1200 3304 1286 3360 recte
1307 3290 1470 3379 intellego,

330 3395 475 3461 -videtdr
496 3394 574 3459 mihi
589 3414 655 3459 rem
672 3398 717 3460 ita
732 3395 792 3460 sibi
816 3395 955 3477 finxisse,
979 3403 1014 3459 ut
1034 3394 1170 3477 pristina
1187 3402 1283 3475 atque
1298 3394 1472 3459 Athenien-

327 3493 427 3557 sium
451 3499 483 3557 et
505 3493 644 3556 omnium
667 3494 780 3556 Ionum
806 3494 982 3556 communis
1004 3493 1106 3555 torma
1123 3484 1289 3574 Ἀθηναίη
1318 3492 1416 3556 etiam
1437 3492 1472 3556 in

347 3590 452 3655 Attico
484 3609 630 3655 sermone
663 3590 861 3671 aliquamdiu
893 3591 1091 3654 remanserit.
1146 3597 1310 3671 comparat
1343 3589 1471 3671 quidem

348 3687 367 3750 l.
390 3687 413 3751 l.
440 3689 477 3750 13
507 3685 591 3750 hanc
612 3687 745 3751 ior-mam
769 3707 838 3752 oum
862 3688 1086 3752 terminatione
1111 3686 1211 3751 dativi
1233 3688 1367 3769 pluralis
1389 3706 1472 3768 quae

349 3791 397 3848 est
418 3804 509 3867 -ησι,
541 3803 637 3865 quam
659 3784 746 3866 apud
769 3785 890 3849 Atticos
916 3784 971 3860 ,in
995 3784 1115 3866 volgari
1139 3804 1286 3849 sermone
1309 3792 1341 3849 et
1361 3784 1394 3847 in
1417 3806 1471 3867 po-

348 3880 504 3964 puliscitis
536 3881 714 3946 tralaticiae
748 3882 900 3946 orationis
929 3882 1096 3946 tenacibus
1122 3881 1319 3962 aliquamdiu
1349 3902 1472 3946 reman-

349 3978 449 4044 sisse“
473 3998 569 4061 supra
591 3983 634 4061 (p.
658 3982 689 4054 7)
713 3977 808 4059 dixit,
839 3979 1016 4059 eademqne
1039 3978 1162 4041 ratione
1191 3978 1345 4055 ,formam
1367 3972 1471 4059 Ἀθη-

335 4072 421 4159 ναίη
452 4096 524 4141 cum
539 4076 655 4158 aliqua
683 4076 777 4159 prisci
801 4075 956 4140 sermonis
981 4074 1169 4159 priscaeque
1191 4074 1355 4154 religionis
1376 4074 1472 4138 affec·

350 4173 469 4238 tatione
492 4172 714 4237 coniunctam“
743 4173 840 4239 fuisse
867 4179 969 4256 putat.
1014 4179 1047 4234 at
1075 4191 1149 4251 vero
1179 4168 1327 4250 quoniam
1350 4170 1383 4232 in
1405 4170 1471 4234 illis
1581 4246 1584 4252 y

352 4270 508 4354 exemplis
530 4270 673 4352 singulas
695 4276 861 4352 certasque
883 4288 996 4335 causas
1012 4268 1108 4344 luisse
1123 4266 1271 4348 uidimus,
1294 4286 1348 4331 cur
1362 4266 1472 4332 Ionica
1514 4297 1516 4299 ·
