3575 5334
743 743 775 797 de
793 740 909 795 dialecto
927 739 1082 794 herodotea.
1419 737 1478 800 185

350 919 451 996 2905,
486 934 606 999 corcyr.
635 916 731 994 1839,
766 932 784 978 e
813 913 958 979 boeotico
986 911 1133 986 σλεῑθσς
1163 910 1196 976 O.
1226 912 1252 976 Ι.
1284 917 1365 978 1569
1387 934 1408 979 e
1430 917 1480 981 III

349 1014 440 1088 (Ahr.
469 1014 600 1089 11131)
634 1010 826 1077 concludere
859 1029 1038 1094 possumus.
1086 1014 1306 1093 καταμαργέω
1325 1006 1387 1076 ἸΙΙ
1419 1018 1478 1079 125

348 1111 438 1176 vocis
460 1108 589 1194 μαργός
614 1109 887 1175 denominativum
904 1128 969 1173 non
986 1127 1004 1173 e
1019 1103 1264 1190 καταμαργάωτ
1287 1115 1396 1174 natum
1420 1123 1479 1194 est,

350 1208 408 1275 sod
431 1212 569 1291 μαργέω
585 1211 744 1290 μαργέεις
759 1212 901 1291 μαργέει
919 1206 1089 1288 formatur3
1112 1205 1145 1270 in
1161 1201 1349 1289 ἀρτέεσθαι
1370 1217 1478 1274 autem

348 1326 391 1373 ne
406 1307 607 1372 lenissimum
630 1304 759 1388 quidem
782 1306 953 1387 vestigium
969 1304 1159 1387 antiquioris
1176 1304 1342 1387 cujusdam
1357 1301 1479 1390 ἀρτάε-
1572 1341 1580 1353 ·

350 1409 438 1469 σθαι
466 1404 623 1487 reliquum
656 1411 705 1469 est
733 1404 772 1467 cl.
802 1402 863 1468 VII
889 1406 948 1466 142
979 1402 1058 1466 VIII
1087 1406 1124 1468 81
1157 1402 1206 1466 IX
1229 1406 1270 1465 42
1297 1404 1343 1467 IV
1372 1408 1412 1470 68
1434 1408 1477 1471 al.

350 1501 440 1567 Haec
465 1502 562 1584 igitur
591 1522 661 1566 eum
691 1501 836 1566 herodot.
860 1496 985 1564 ἀντιόω
1007 1531 1049 1551 ==
1072 1495 1214 1578 ἆντιάω,
1243 1508 1414 1587 μαστιγέισ
1437 1537 1478 1555 ==

350 1597 525 1682 μαστιγόω
549 1600 727 1684 comparari
749 1603 891 1682 possunt.
937 1597 1002 1663 Sed
1024 1598 1058 1662 in
1081 1598 1264 1664 universum
1287 1599 1350 1664 dici
1372 1609 1479 1684 potest

351 1699 451 1765 verba
472 1699 505 1763 in
536 1722 585 1761 σω
617 1697 783 1777 exeuntia,
813 1696 942 1780 quando
971 1694 1059 1778 apud
1080 1695 1174 1762 Iones
1204 1698 1237 1761 in
1264 1700 1478 1780 coemerint,

350 1802 482 1879 propter
504 1796 664 1861 vocalium
684 1818 725 1859 cc
749 1819 798 1858 σω
822 1818 884 1859 σου
907 1794 1088 1859 molestiam
1111 1801 1234 1859 mutata
1256 1815 1336 1862 esse.

603 2020 622 2096 §
645 2021 674 2081 2.
719 2013 813 2081 1)θᾶ
837 2022 913 2080 ante
938 2015 1068 2079 vocales
1093 2022 1231 2079 servato.

434 2154 473 2217 In
497 2156 516 2232 §
534 2158 547 2217 1
574 2152 641 2217 dixi
663 2173 728 2218 non
752 2171 849 2235 saepe
865 2175 886 2213 α
902 2158 977 2215 ante
999 2152 1128 2215 vocales
1151 2150 1274 2215 servari
1296 2157 1328 2217 et
1346 2153 1477 2233 'quando

350 2257 504 2332 servetur,
535 2258 654 2317 certam
683 2251 749 2316 fere
778 2269 909 2316 causam
938 2248 1100 2314 enucleari
1129 2267 1232 2331 posse.
1278 2250 1319 2313 Et
1340 2250 1476 2331 primum

350 2348 479 2430 quidem
503 2368 561 2414 eae
583 2368 678 2414 voces
708 2349 769 2413 huc
798 2347 977 2430 pertinent,
1007 2348 1040 2410 in
1071 2346 1184 2427 quibus
1214 2346 1366 2428 digammi
1388 2347 1475 2430 apud

349 2447 523 2512 Homerum
546 2446 653 2511 adhuc
675 2445 832 2511 exstantis
854 2447 903 2510 vis
925 2450 1017 2509 tanta
1038 2450 1122 2522 erat,
1152 2450 1187 2507 ut
1214 2450 1357 2528 tempore
1387 2445 1477 2509 hero-

348 2543 443 2609 doteo
467 2544 610 2609 nondum
633 2567 654 2607 α
677 2563 748 2608 cum
773 2568 787 2608 ε
811 2544 864 2608 vel
887 2567 919 2607 ει
941 2542 1198 2625 conjungeretur.
1241 2542 1283 2606 Et
1311 2550 1478 2608 consuetu-

346 2641 424 2707 dine
448 2639 556 2724 opica,
587 2662 650 2722 qua
671 2641 750 2706 talia
772 2642 878 2706 soluta
901 2641 1086 2721 manebant,
1110 2647 1142 2705 et
1163 2639 1328 2705 lenissimo
1350 2641 1383 2706 in
1406 2663 1477 2724 pro·

341 2739 527 2805 nuntiando
543 2738 697 2821 digammi
719 2739 854 2822 vestigio
877 2739 938 2803 hoc
954 2739 1099 2805 effectum
1117 2758 1188 2805 esse
1203 2739 1345 2821 videtur3
1368 2760 1477 2822 quam·

340 2857 443 2920 quam
473 2837 505 2901 in
539 2837 613 2902 aliis
641 2838 772 2904 vocibus
805 2837 892 2921 apud
921 2837 1095 2901 Homerum
1129 2835 1204 2901 item
1238 2837 1398 2920 digammo
1432 2838 1478 2901 in·

336 2934 476 3000 structis
505 2935 679 3000 contractio
709 2935 794 3000 laeta
816 2942 874 3001 est.
918 2936 1051 3000 Prorsus
1073 2940 1192 2999 certem
1215 2935 1310 3016 igitur
1332 2934 1476 3015 regulam

337 3051 454 3116 neque
475 3032 528 3098 hic
550 3053 654 3115 neque
668 3034 701 3098 in
719 3058 735 3098 c
752 3054 823 3099 curn
846 3032 993 3115 sequenti
1011 3032 1116 3095 vocali
1138 3032 1308 3113 conjuncto
1331 3033 1476 3098 invenire

334 3130 534 3214 poterimus,
558 3150 627 3195 oum
653 3133 713 3196 hac
734 3131 933 3215 potissimum
957 3131 990 3193 in
1012 3149 1046 3194 re
1068 3128 1264 3211 singulorum
1287 3130 1474 3210 scriptorum

333 3227 572 3295 consuetudini
594 3247 699 3310 neque
720 3229 827 3294 minus
851 3227 1000 3292 variabili
1029 3225 1157 3306 linguae
1183 3224 1254 3289 usui
1275 3225 1474 3307 aliquantum

331 3325 552 3391 tribuendum
575 3327 626 3392 sit.

432 3425 471 3488 In
494 3424 703 3489 commissura
724 3424 893 3489 verborum
915 3445 937 3484 α
960 3427 992 3485 et
1014 3444 1029 3484 ε
1053 3424 1244 3485 concurrunt
1270 3420 1303 3483 in
1332 3426 1476 3486 πενταέ-

330 3544 404 3608 της
430 3520 526 3585 1136
542 3521 625 3601 (bis),
650 3518 848 3605 εἰκοσαέτης
870 3520 973 3599 Ι136,
997 3522 1177 3600 τετραέτεα
1200 3517 1245 3581 IV
1270 3521 1328 3583 187
1353 3523 1475 3601 (quam-

331 3638 442 3702 quam
467 3625 589 3683 mutato
611 3627 745 3684 accentu
760 3620 959 3703 πεντετηρίς
982 3616 1083 3680 11197
1107 3615 1151 3680 IV
1168 3618 1208 3678 94
1227 3616 1271 3680 Vl
1290 3621 1360 3698 111,
1383 3619 1474 3700 cujus

328 3713 416 3781 loco
433 3720 666 3801 ττεσταετηρίς,
680 3718 776 3781 etiam
792 3715 1022 3798 posterioribus
1036 3714 1198 3793 usitatum,
1212 3713 1306 3780 facile
1318 3735 1475 3798 reponere

330 3817 451 3895 potes)
475 3812 514 3878 of.
537 3813 699 3880 homerica
720 3818 973 3897 ττεντατέτηρας
994 3817 1025 3876 Β
1041 3815 1113 3890 463,
1137 3804 1275 3888 ὀτέτεας
1298 3817 1327 3876 Β
1343 3816 1416 3877 765.
1432 3849 1474 3859 -

331 3907 540 3994 Plerumque
568 3920 674 3978 autem
704 3935 743 3976 σε
771 3935 825 3975 σει
853 3911 888 3974 in
910 3909 1001 3974 initio
1023 3909 1252 3974 vocabulorum
1274 3919 1474 3991 concurrunt,

332 4005 390 4074 ita
415 4007 554 4090 quidem,
578 4017 613 4074 ut
627 4033 649 4073 α
665 4017 720 4075 aut
741 4009 936 4092 privativum
954 4013 1009 4072 aut
1030 4008 1252 4090 protheticum,
1275 4006 1361 4089 quod
1382 4026 1475 4071 voca-

335 4108 406 4188 tur,
431 4105 483 4170 sit.
507 4100 615 4171 ἀέκων
639 4107 764 4185 (Grdz.³
779 4127 810 4189 p.
829 4110 920 4184 130)‚·
936 4104 1022 4187 quod
1044 4104 1131 4188 apud
1154 4104 1325 4168 Homerum
1348 4121 1475 4185 semper

338 4219 408 4267 usu
429 4200 557 4277 venit³⁰l
581 4210 613 4269 et
635 4223 676 4269 ne
691 4203 732 4269 ab
753 4204 858 4269 atticis
881 4201 1010 4284 quidem
1032 4201 1240 4285 scriptoribus
1262 4199 1403 4263 alienum
1426 4206 1475 4263 est

418 4351 451 4418 ⁸⁰)
469 4351 539 4406 Olim
555 4352 695 4422 legebatur
712 4356 751 4422 τῷ
770 4348 798 4405 δ’
819 4348 867 4405 οὐκ
885 4350 982 4403 ἄκοντε
999 4349 1142 4415 πετέσθην,
1161 4347 1207 4415 (cf.
1224 4348 1347 4417 Spitzner
1364 4353 1388 4399 Ε
1406 4352 1475 4412 366),
