3575 5334
410 707 452 767 58
922 708 1022 762 Glemm

410 903 444 943 cc
473 903 510 943 oc
538 882 618 943 mule
645 880 822 942 hoerentem
846 880 1022 957 incidenter,
1049 880 1123 944 Hor.
1147 887 1205 944 sat.
1230 879 1262 941 ΙΙ
1285 883 1314 959 6,
1339 882 1379 943 86
1407 881 1533 963 cupiens

410 980 501 1042 curio
522 978 662 1059 fastidia
695 998 770 1039 ceno
796 982 800 1056 1
826 978 950 1039 concere
984 978 1137 1058 inoperatio
1172 977 1253 1038 mule
1287 978 1408 1060 crapula
1441 976 1532 1039 dente

409 1076 553 1160 superbo.
594 1076 686 1140 Hunc
706 1094 797 1139 usum
820 1074 966 1140 adverbii
995 1075 1075 1136 mole
1098 1074 1339 1139 illustraverunt
1362 1075 1466 1140 Bentl.
1490 1074 1532 1138 ad

412 1175 486 1236 Hor.
509 1192 604 1237 carm.
628 1174 678 1236 III
704 1177 752 1251 14,
779 1176 828 1248 11,
856 1172 973 1236 Heind.
997 1172 1038 1236 ad
1061 1178 1120 1236 sat.
1144 1172 1159 1234 Ι
1183 1174 1212 1250 2,
1239 1174 1307 1251 129,
1337 1171 1466 1236 Ruhnk.
1489 1171 1531 1236 ad

411 1271 492 1335 Vell.
517 1271 564 1348 ΙΙ,
589 1273 639 1349 27,
670 1268 768 1333 Bach.
795 1268 838 1333 ad
866 1270 937 1333 Tib.
962 1269 1052 1350 111,
1076 1272 1126 1348 27,
1157 1268 1348 1349 Forbigerus
1370 1268 1413 1334 ad
1437 1269 1530 1350 Verg.

410 1369 525 1448 Georg.
549 1368 564 1430 I
589 1370 659 1447 105,
683 1366 891 1446 Aen.1123,
922 1365 1078 1447 Handins,
1102 1366 1237 1430 Turseli.
1261 1366 1308 1429 ΙΙΙ
1332 1369 1403 1431 584.

496 1465 613 1529 Verum
643 1464 670 1527 si
700 1464 841 1544 quaeris,
875 1463 956 1524 male
990 1483 1079 1527 suam
1110 1481 1237 1544 semper
1265 1462 1530 1543 significationem

409 1563 525 1627 retinet
547 1580 606 1625 nec
634 1579 692 1642 per
713 1579 748 1625 se
776 1562 827 1626 111
857 1560 989 1624 nimium
1012 1558 1134 1641 aliquid
1156 1579 1228 1624 esse
1255 1562 1308 1625 111
1336 1580 1450 1643 parum
1478 1559 1531 1623 de·

409 1661 512 1723 clarat
540 1667 574 1722 ut
603 1657 748 1722 nonnulli
777 1657 838 1721 sibi
865 1663 1102 1740 persuaserunt.
1156 1656 1262 1734 Quare
1291 1677 1354 1721 non
1378 1664 1444 1722 tam
1470 1658 1531 1722 hoc

409 1756 597 1821 adverbium
614 1755 775 1835 quaeritur
789 1754 916 1836 qualem
932 1754 1051 1819 habeat
1065 1772 1205 1835 sensum,
1221 1775 1316 1836 quam
1332 1757 1460 1836 qualem
1476 1753 1532 1819 ad·

405 1854 530 1937 jectiva
544 1853 685 1917 babeant
700 1852 884 1934 quibuscum
898 1852 1110 1935 conjungitur.
1138 1851 1173 1915 si
1188 1851 1259 1933 ipsa
1272 1871 1399 1934 quoque
1411 1854 1531 1917 malam

409 1972 511 2016 rernm
536 1949 755 2014 condicionem
777 1949 939 2028 indicant,
967 1948 1122 2012 adverbio
1144 1950 1317 2014 molucam
1339 1949 1449 2031 augeri
1472 1968 1531 2033 per

410 2068 445 2114 se
467 2054 557 2129 patet
579 2047 670 2113 (male
685 2046 705 2110 i.
722 2066 749 2111 e.
766 2066 796 2128 q.
812 2045 919 2127 valde,
942 2046 1138 2125 admodum),
1161 2046 1210 2110 sin
1226 2046 1353 2125 bonam,
1379 2047 1532 2127 11111111-

409 2145 513 2210 ficatio
542 2145 568 2209 11
599 2166 662 2209 non
691 2145 724 2207 in
754 2144 947 2209 contrarium
969 2143 1102 2207 vertitur
1124 2148 1157 2206 at
1184 2148 1270 2207 certe
1296 2145 1400 2207 minus
1422 2145 1533 2208 valere

408 2244 523 2308 dicitur
545 2243 637 2316 (mule
657 2242 678 2306 1.
695 2263 721 2306 e.
738 2262 768 2323 q.
790 2261 855 2305 non
878 2240 1062 2319 admodum,
1085 2260 1149 2303 non
1172 2239 1272 2319 satis),
1295 2247 1330 2303 ut
1351 2260 1381 2303 1.
1397 2259 1427 2321 g.
1450 2242 1533 2303 mole

407 2362 502 2403 111111
530 2360 595 2404 non
617 2340 659 2404 sit
679 2339 699 2403 i.
723 2359 753 2420 q.
776 2339 909 2403 insanus
932 2337 990 2403 sed
1018 2357 1083 2400 non
1112 2335 1285 2401 admodum
1315 2357 1422 2402 sanus.
1467 2338 1532 2403 Ubi

408 2440 442 2502 in
470 2446 636 2517 utramque
665 2442 788 2517 partem
818 2434 980 2517 adjectiva
1002 2434 1155 2517 explicari
1184 2440 1332 2516 possunt,
1363 2455 1428 2498 non
1459 2456 1533 2500 raro

408 2535 579 2615 ambigitur
602 2533 642 2597 de
671 2553 767 2597 sensu
790 2530 948 2613 ejusmodi
977 2532 1211 2613 conjunctionis
1233 2539 1265 2596 11
1287 2550 1305 2597 1
1327 2550 1413 2595 nexu
1434 2534 1534 2599 totius

407 2632 469 2695 loci
504 2632 647 2711 quaestio
675 2629 885 2711 dijudicanda
917 2635 965 2693 est
995 2635 1030 2692 ut
1061 2628 1148 2711 apud
1178 2629 1286 2694 Horat.
1316 2630 1337 2691 l.
1367 2629 1387 2692 l.
1439 2631 1534 2696 Hanc

407 2730 503 2811 igitur
525 2727 686 2809 duplicem
712 2746 749 2790 ac
778 2745 883 2809 paene
911 2725 1016 2790 dicam
1043 2725 1234 2790 contrariam
1263 2725 1532 2806 significationem

408 2825 554 2891 adverbii
582 2824 663 2885 male
693 2824 788 2887 ctiam
823 2843 859 2884 oc
887 2823 1063 2906 particulae
1090 2825 1197 2887 inesse
1226 2822 1283 2885 viri
1315 2823 1399 2888 docti
1433 2831 1533 2891 statu-

408 2930 515 3002 erunt,
549 2942 612 2985 non
642 2940 712 2985 cam
741 2921 842 2986 solam
872 2927 907 2984 ut
929 2921 1074 2985 Handius
1097 2922 1118 2983 1.
1141 2920 1163 2983 l.
1187 2917 1279 2984 docet
1302 2940 1365 3002 qna
1387 2922 1532 2989 deiectus

408 3029 441 3085 et
461 3019 574 3083 vitium
595 3018 788 3099 designetur,
818 3026 911 3100 prout
932 3023 987 3081 ant
1010 3017 1108 3081 nimia
1130 3035 1180 3081 res
1203 3024 1317 3081 noceat
1345 3020 1396 3083 vel
1420 3019 1533 3102 displi-

407 3125 479 3183 ceat
506 3124 561 3180 aut
591 3115 733 3181 defectus
760 3117 792 3180 in
822 3135 857 3180 11
891 3115 1010 3178 habeat
1037 3115 1158 3177 vitium.
1204 3114 1285 3177 Nam
1320 3134 1340 3178 a
1368 3117 1533 3183 veteribus

407 3215 535 3298 quidem
564 3213 791 3295 interpretibus
819 3212 1028 3277 intentionem
1059 3212 1164 3276 efferri
1196 3210 1335 3276 vidimus
1363 3212 1433 3278 sine
1460 3215 1533 3278 ulla
1566 3285 1578 3292 ,

406 3313 513 3376 1111111
547 3316 625 3374 nota
653 3317 685 3375 et
723 3330 805 3392 qnae
839 3310 935 3391 hujus
974 3309 1075 3390 ipsius
1106 3307 1346 3389 significationis
1379 3313 1533 3393 exempla

406 3411 458 3474 111
486 3408 534 3472 1111
562 3409 614 3472 111
645 3408 835 3472 recentiores
864 3406 1065 3488 protulerunt
1094 3407 1180 3487 prius
1210 3405 1427 3472 examinanda
1455 3418 1533 3473 sunt

407 3526 502 3588 quam
525 3504 568 3568 ad
590 3504 723 3567 alteram
747 3503 836 3567 illam
858 3503 927 3567 sive
943 3502 1173 3566 deminutivam
1195 3504 1264 3568 1111
1286 3504 1530 3586 depravativam

406 3601 605 3667 accedamus.
656 3599 727 3677 Qua
758 3600 791 3663 in
823 3600 1009 3665 recensione
1043 3599 1223 3663 mirandum
1257 3607 1306 3665 est
1339 3601 1424 3682 quod
1457 3611 1533 3685 post

406 3698 577 3763 Ricardum
602 3698 791 3779 Bentleynm
820 3704 949 3762 nostrae
976 3697 1092 3761 aetatis
1120 3698 1178 3759 viri
1209 3696 1290 3762 docti
1320 3719 1383 3762 non
1410 3699 1452 3763 ad
1481 3719 1532 3766 se-

407 3796 538 3860 verioris
570 3794 648 3858 artis
680 3801 852 3876 praecepta
884 3794 1119 3859 enarrationem
1155 3795 1372 3878 exemplorum
1401 3816 1531 3861 revoca-

406 3894 511 3958 verint
538 3911 577 3956 ac
606 3909 648 3954 ne
676 3889 803 3971 singula
831 3890 960 3973 quidem
995 3909 1059 3970 qua
1087 3890 1228 3955 nitantur
1255 3893 1445 3958 anctoritate
1472 3894 1532 3957 cir-

406 3988 642 4073 cumspexerint
670 3995 795 4069 praeter
824 4009 921 4053 unum
945 3988 1156 4052 Ribbeckium
1185 3990 1254 4070 qui,
1284 3988 1324 4053 de
1352 3998 1433 4070 part.
1458 3991 1531 4055 Lat.

406 4088 505 4168 (Lips.
540 4087 641 4167 18691,
679 4105 751 4150 mec
788 4086 916 4168 quidem
948 4084 1072 4166 judicio
1108 4092 1226 4149 rectam
1264 4087 1391 4167 aperuit
1429 4088 1533 4169 expli·

405 4183 501 4247 candi
523 4184 617 4247 viam.

490 4282 595 4362 Atque
623 4300 641 4346 e
670 4300 801 4347 numero
830 4279 1057 4344 vocabulorum
1095 4298 1178 4360 quae
1206 4280 1268 4343 buc
1297 4280 1458 4361 pertinere
1483 4281 1532 4345 di-
