3575 5334
411 704 474 766 392
900 709 1045 765 Bechstein

413 882 611 946 Vocabulum
633 881 728 963 igitur
756 880 916 943 Vitumnus
938 902 958 946 a
980 882 1078 965 stirpe
1101 882 1189 955 vita,
1218 882 1262 948 ad
1284 904 1378 965 quem
1402 885 1534 967 pertinet

412 980 511 1043 subst.
534 980 607 1053 cito,
631 978 771 1044 derivari
786 977 942 1043 absonum
959 998 1108 1045 essenon
1124 979 1301 1061 viderunt),
1324 988 1360 1045 ut
1383 981 1534 1045 Vitumnus

412 1077 517 1141 active
539 1077 591 1143 vel
619 1077 782 1142 causative
809 1075 932 1140 dicatur
960 1075 1060 1153 „deus
1082 1077 1181 1143 vitam
1203 1078 1256 1144 vel
1278 1078 1421 1144 animam
1443 1079 1533 1144 alicui

410 1174 583 1239 infundens
592 1177 615 1236 ⁰.

498 1272 678 1354 Sequuntur
708 1271 771 1337 duo
799 1272 1015 1355 substantiva,
1045 1291 1128 1353 quae
1150 1272 1193 1338 ad
1215 1272 1299 1356 quod
1323 1294 1443 1340 nomen
1470 1293 1534 1356 spe·

412 1378 507 1452 ctent,
531 1391 596 1435 non
618 1376 737 1435 certum
760 1370 930 1435 habemus:

499 1480 678 1531 autumans.-
705 1466 765 1531 hoo
789 1467 982 1533 vocabulum
1011 1486 1081 1532 oum
1104 1467 1202 1533 verbo
1228 1480 1342 1551 cupere
1367 1469 1534 1533 cohaerere

408 1568 477 1650 jam
502 1568 616 1631 Festus
638 1564 835 1648 opinatur⁵¹),
859 1564 941 1630 illud
963 1584 1039 1630 vero
1056 1585 1118 1630 non
1141 1566 1182 1629 ab
1204 1566 1275 1648 ipso
1297 1566 1397 1631 verbo
1414 1587 1531 1649 cupere,

413 1664 471 1729 sed
504 1684 524 1727 a
557 1663 654 1729 verbo
691 1661 830 1744 quodam
867 1662 1105 1728 denominativo
1141 1661 1313 1724 *contuere
1352 1684 1373 1728 a
1410 1665 1533 1730 nomine

412 1759 561 1822 *unctu-s
583 1761 614 1835 (i.
639 1780 666 1826 e.
690 1760 933 1837 incrementum)
958 1760 1098 1843 prolecto
1123 1759 1300 1825 derivatum
1323 1781 1397 1828 esse
1419 1763 1533 1845 primus

412 1858 535 1922 monuit
556 1858 622 1923 Leo
638 1859 749 1940 Meyer
770 1865 828 1939 lgr.
843 1876 946 1941 comp.
963 1858 1005 1938 Il,
1022 1860 1107 1934 292).
1137 1857 1304 1935 Quaenam
1327 1860 1407 1925 insit
1428 1862 1477 1926 vis
1491 1859 1533 1924 illi

411 1956 510 2021 verbo
533 1952 712 2028 *ocotcera
730 1954 899 2037 dijudicari
922 1977 987 2021 non
1010 1960 1124 2039 potest.
1155 1956 1221 2022 Leo
1238 1957 1350 2040 Meyer
1366 1957 1399 2028 (l.
1417 1958 1468 2034 l.):
1491 1959 1532 2022 in·

410 2062 606 2120 crementum
628 2054 692 2118 i..e.
709 2053 826 2118 fructus
848 2053 982 2136 ferendi,
1005 2059 1040 2117 ut
1061 2058 1231 2119 autumnus
1252 2054 1287 2119 id
1309 2055 1388 2119 anni
1411 2062 1532 2139 tempus

411 2153 467 2234 sit,
502 2152 587 2234 quod
618 2150 739 2215 fructus
771 2150 812 2215 ad
845 2151 1061 2216 maturitatem
1094 2150 1249 2233 perducit.
1297 2153 1413 2218 Paullo
1446 2155 1533 2219 aliter

412 2253 509 2316 sentit
531 2248 657 2314 Curtius
680 2247 801 2330 (Symb.
825 2247 905 2330 phil.
928 2248 1084 2313 bonnens.
1106 2270 1137 2331 p.
1162 2252 1252 2331 276),
1282 2248 1335 2331 qui
1363 2248 1532 2313 *contuere

411 2347 606 2431 significare:
630 2345 715 2423 „den
730 2345 840 2410 wuchs
855 2345 1055 2427 einbringen,
1078 2350 1214 2411 ernten“
1237 2347 1268 2424 (i.
1286 2365 1313 2411 e.
1329 2347 1451 2414 fructus
1465 2368 1532 2413 cou-

412 2447 503 2528 dere‚
533 2445 696 2527 colligere)
725 2450 851 2525 censet;
884 2444 1028 2508 autumni
1050 2444 1179 2510 nomine
1200 2451 1266 2509 tum
1289 2445 1420 2528 proprie
1441 2446 1532 2528 signi·

411 2544 581 2609 ficarentur·
602 2543 743 2619 „tructus
763 2540 883 2607 conditi
892 2546 914 2623 “‚
938 2541 1095 2606 translate
1117 2543 1289 2619 „messium
1313 2548 1462 2628 tempus“
1484 2546 1530 2615 (oi.

410 2640 518 2706 theod.
548 2640 685 2720 herbist,
721 2639 851 2704 berbest
878 2641 899 2702 i.
926 2657 953 2703 e.
983 2658 1049 2703 non
1077 2639 1181 2705 solum
1210 2640 1360 2706 messium
1397 2649 1529 2726 tempus,

411 2738 469 2803 sed
492 2737 589 2802 etiam
612 2736 683 2819 ipsa
704 2735 834 2818 messis;
862 2756 909 2818 gr.
934 2731 1058 2819 ἄμητος
1080 2744 1112 2803 et
1134 2730 1277 2821 ἀμητός).
1321 2739 1430 2805 Aliam
1453 2760 1532 2806 nunc

411 2841 514 2901 tentat
543 2833 768 2917 etymologiam
792 2832 969 2899 Corssenus
997 2835 1065 2915 (11²,
1092 2840 1167 2918 1743
1196 2836 1318 2901 nacbtr.
1342 2840 1412 2920 46),
1443 2859 1532 2921 quam

411 2934 548 3016 probare
582 2952 645 2996 non
676 2930 800 3013 dubito,
835 2951 931 3013 quum
961 2950 1000 2996 ea
1027 2931 1061 2995 id
1089 2934 1248 2998 sublatum
1278 2954 1351 3001 esse
1377 2935 1532 3014 videatur,

411 3030 496 3113 quod
524 3030 558 3094 in
586 3028 643 3094 illa
671 3027 790 3113 Meyeri
824 3034 856 3093 et
885 3027 985 3093 Curtii
1016 3028 1094 3093 mihi
1123 3030 1251 3112 quidem
1280 3031 1451 3098 offensioni
1480 3040 1532 3100 est.

410 3129 582 3211 Postquam
612 3126 695 3192 enim
726 3125 918 3191 Fleckeisen
949 3125 1079 3209 (funizig
1107 3128 1225 3193 artikel
1254 3134 1312 3195 etc.
1343 3150 1375 3211 p.
1400 3134 1433 3208 8)
1468 3151 1533 3214 pro-

409 3226 514 3307 bavit,
546 3246 643 3291 unam
672 3225 806 3290 formam
836 3233 999 3286 autumans
1027 3225 1097 3289 sine
1125 3227 1314 3309 osoriptam
1344 3227 1379 3291 in
1409 3228 1532 3311 optimis

409 3324 572 3389 codicibus
604 3323 685 3405 legi,
722 3342 788 3386 non
816 3327 880 3401 est,
919 3321 1004 3404 quod
1036 3322 1097 3387 hoc
1129 3323 1320 3388 vocabulum
1354 3344 1375 3390 a
1408 3328 1533 3391 nomine

410 3419 541 3484 *auom-
575 3419 716 3485 ducatur.
767 3419 872 3496 Quare
906 3417 1081 3484 Conscenus
1115 3420 1200 3485 bano
1229 3440 1341 3486 vocem
1374 3426 1532 3505 pertinere

409 3517 451 3583 ad
474 3517 605 3600 stirpem
628 3516 789 3599 quandam
806 3514 927 3578 *acta
949 3516 1012 3593 (vel
1034 3514 1142 3589 *nata
1166 3516 1274 3594 *catil
1296 3518 1317 3583 i.
1341 3538 1369 3585 e.
1392 3524 1531 3600 satietas,

409 3616 539 3681 ubertas
567 3634 587 3679 a
615 3613 684 3679 rad.
715 3635 752 3676 no
782 3618 839 3697 (gr.
864 3609 973 3678 iis-sn
1002 3614 1146 3697 satiare),
1176 3614 1231 3679 lat.
1261 3636 1357 3679 acere
1385 3621 1529 3698 (salvum,

409 3713 604 3778 fortunatum
632 3714 714 3789 esse)
746 3710 883 3793 colligit,
913 3716 948 3775 ut
970 3720 1131 3774 autumnas
1152 3711 1194 3777 sit
1214 3711 1248 3777 id
1276 3720 1421 3798 tempus,
1452 3715 1530 3801 quod

409 3809 608 3885 „ubertatem
630 3811 764 3892 praebet
772 3813 795 3874 “.

478 3976 510 4039 ⁶⁰)
535 3975 588 4029 Cur
610 3991 665 4029 non
687 3975 721 4029 ab
745 3975 804 4044 ipso
827 3974 960 4030 substant.
980 3977 1036 4030 cita
1058 3975 1168 4029 ductum
1191 3990 1250 4030 esse
1273 3981 1414 4047 putemus,
1438 3981 1528 4036 exeis

407 4054 559 4188 {pparebit
577 4070 646 4123 quae
663 4054 736 4108 infra
753 4055 787 4109 de
804 4055 885 4109 huius
904 4061 1107 4124 ceterorumque
1123 4055 1316 4111 vocabulorum
1330 4061 1439 4115 ratione
1456 4065 1529 4116 nota·

426 4151 511 4281 musi)
537 4216 589 4285 Ap.
607 4216 684 4269 Paul.
704 4232 729 4285 p.
749 4220 781 4269 20
799 4216 891 4270 Lina:
919 4216 1101 4277 „Autumnum
1120 4216 1228 4284 qnidam
1250 4218 1352 4273 dictum
1372 4222 1527 4287 existimant,

409 4294 481 4360 quod
498 4300 563 4349 tunc
580 4296 696 4351 maxime
714 4303 868 4368 captantur
885 4296 1023 4351 hominum
1038 4311 1103 4365 opes
1115 4297 1218 4353 coactis
1228 4312 1357 4365 agrorum
1371 4300 1527 4359 fructibus!
