3575 5334
685 693 718 748 de
736 693 819 763 alpha
835 694 976 747 intensive.
1353 688 1392 748 77

332 862 363 930 εἰ
387 862 425 930 δέ
448 887 505 930 τεο
528 863 566 945 ἐξ
588 861 688 930 ἀλλον
711 886 747 950 με
771 868 864 930 θεῶν
886 870 983 949 γένευ
1006 854 1071 926 ὧδ’
1096 858 1291 948 ἀίδηλος,

332 966 389 1027 καί
412 985 469 1027 κεν
494 960 534 1048 δη
558 960 666 1027 πάλαι
688 949 784 1049 ἦσθα
807 961 982 1045 ἐνέρτερος
1004 956 1217 1045 οάρανιώνων

271 1071 290 1134 i.
313 1072 409 1137 eita
435 1078 467 1136 te
490 1071 617 1154 gessisti
639 1077 674 1137 ut
701 1072 758 1139 vix
779 1071 985 1157 aspiciendus
1011 1071 1071 1153 sis,
1104 1071 1186 1136 adso
1214 1077 1393 1156 protervus,

270 1167 430 1235 violentus
460 1189 503 1235 es.
555 1169 678 1256 Eodem
704 1190 801 1237 sensu
828 1170 969 1253 protervi
1002 1176 1034 1233 et
1062 1169 1197 1234 violenti
1224 1169 1310 1235 Mars
1339 1165 1394 1235 ἀί-

271 1264 371 1351 δηλος
392 1274 525 1331 vocatur
546 1271 576 1331 θ
598 1270 669 1349 309,
699 1288 759 1334 nec
781 1267 874 1333 aliter
895 1267 1073 1333 Minervam
1095 1266 1181 1331 Mars
1202 1267 1272 1350 ipse
1300 1273 1394 1331 vocat

269 1361 369 1428 iratus
401 1366 431 1424 E
452 1366 513 1430 886
547 1362 648 1429 παῖδ’
684 1358 872 1451 ἀίδηλον,
906 1366 957 1431 vel
986 1365 1146 1429 Eumaeus
1177 1383 1247 1428 eum
1280 1369 1393 1448 aperto
1484 1365 1487 1369 ’

270 1467 454 1543 contemptu
487 1462 528 1527 de
560 1462 736 1528 Melanthio
769 1462 930 1527 exclamat
959 1484 980 1542 χ
1006 1466 1065 1525 165
1099 1472 1210 1537 κεῖνος
1244 1459 1283 1546 δὴ
1314 1450 1391 1525 αὖτ’

268 1553 451 1643 ἀίδηλος
481 1554 573 1644 ἀνήρ.
619 1560 677 1624 His
707 1560 854 1624 omnibus
885 1559 966 1624 locis
999 1557 1186 1640 significatio
1219 1554 1392 1642 ἀφανίζων

268 1675 333 1719 non
356 1655 460 1738 magis
482 1657 632 1723 convenit
654 1676 749 1739 quam
772 1680 799 1720 ντ
822 1659 861 1719 29
885 1662 918 1720 et
939 1667 968 1737 ψ
992 1659 1063 1736 363,
1094 1656 1147 1720 ubi
1171 1655 1277 1721 verbis

332 1761 353 1850 ἣ
376 1765 438 1845 μὲν
461 1762 518 1831 do’
544 1763 580 1832 ἕν
601 1764 799 1849 μεγάροισιν
823 1762 982 1845 ἀνέσχετο
1007 1763 1063 1828 δῖοι
1085 1770 1250 1847 γυναικῶν

332 1858 464 1943 ἀνδρῶν
487 1861 686 1949 μνηστήρων
710 1858 855 1946 ἕσοριῦσ’
881 1858 1056 1947 ἀίδηλον
1081 1858 1197 1943 ὅμιλον

225 1983 228 1989 ’
266 1980 432 2064 Penelope
453 2000 579 2047 summa
600 1982 758 2065 patientia
776 1981 859 2046 ferre
874 1980 989 2046 dicitur
1011 1981 1065 2045 vix
1087 1980 1289 2045 tolerandam
1311 1983 1395 2064 (pro-

267 2078 354 2162 prie:
386 2080 441 2142 vix
463 2078 695 2161 aspiciendam)
721 2078 890 2144 audaciam
913 2097 1094 2161 procorum,
1124 2096 1162 2141 ac
1184 2079 1266 2142 verti
1287 2084 1393 2161 potest

266 2194 327 2257 per
349 2194 470 2240 nexum
492 2176 721 2241 sententiarum
744 2172 882 2260 ἀίδηλος
912 2177 1130 2257 „protervus“.
1173 2175 1275 2240 Nemo
1298 2175 1393 2241 facile

264 2292 432 2354 magnum,
454 2273 626 2338 admodum
641 2273 829 2355 flagrantem
851 2273 959 2354 ignem
974 2272 1118 2356 aspicere
1139 2279 1244 2355 potest
1257 2270 1395 2353 ideoque

264 2371 398 2453 egregie
413 2375 444 2433 B
459 2374 531 2450 436,
556 2375 587 2435 Δ
599 2375 671 2449 436,
695 2377 737 2439 Λ,
752 2376 811 2436 155
834 2376 901 2453 πῦρ
918 2362 1095 2455 ἀίδηλον
1117 2368 1297 2453 praedicari
1319 2387 1394 2433 con-

263 2467 404 2533 cesseris
418 2467 533 2549 quibus
555 2467 632 2533 loeis
654 2469 740 2532 notio
763 2468 933 2550 perniciosi
955 2467 1042 2532 haud
1064 2468 1174 2550 procul
1197 2467 1299 2531 abest.
1329 2465 1394 2531 Ve-

264 2584 337 2629 rum
369 2584 409 2629 ea
438 2566 525 2630 notio
554 2565 616 2647 ipsi
643 2565 800 2629 vocabulo
830 2560 969 2648 ἀίδηλος
998 2584 1039 2629 ex
1068 2571 1176 2630 nostra
1205 2564 1394 2647 interpreta-

263 2662 356 2726 tione
379 2681 444 2726 non
467 2664 647 2728 necessario
669 2664 762 2740 inest,
785 2661 842 2727 sed
862 2681 903 2726 ex
917 2661 1166 2744 uniuscujusque
1188 2661 1249 2726 loci
1265 2661 1396 2744 propria

265 2758 460 2825 condicione
485 2759 558 2824 elici
593 2763 698 2842 potest
734 2759 789 2823 ubi
818 2777 914 2823 sensu
943 2759 1192 2825 commendatur.
1247 2758 1395 2838 Quodsi

262 2856 475 2921 *Aristarchus
503 2857 735 2939 perspexisset,
765 2860 794 2919 E
809 2858 874 2934 757
906 2855 1041 2922 fortasse
1069 2857 1207 2922 lectione
1236 2854 1308 2940 ’ἕρμ’
1341 2852 1395 2920 ἀί-

268 2952 355 3039 δηλα
377 2953 548 3019 lectionem
570 2951 715 3036 καρτερὰ
742 2950 823 3035 ἔργα
850 2973 915 3017 non
947 2960 1110 3020 mutasset.
1162 2953 1279 3019 Verum
1309 2954 1396 3018 enim

268 3057 318 3117 est
341 3051 404 3115 hoe
418 3070 513 3115 versu
535 3057 566 3116 et
588 3054 649 3115 872
673 3046 745 3132 ’ἕρμ’
764 3048 886 3136 ἀίδηλα
902 3051 965 3117 dici
987 3051 1166 3133 perniciosa
1180 3050 1275 3131 faeta,
1298 3057 1396 3116 teme·

269 3148 370 3231 raria,
401 3146 496 3211 nimis
518 3147 655 3211 audacia
675 3147 812 3230 ideoque
833 3148 907 3213 Jovi
929 3168 994 3212 non
1012 3148 1083 3228 jam
1105 3146 1301 3229 aspicienda.
1345 3147 1397 3211 Ita

270 3244 368 3328 igitur
401 3263 473 3309 eum
505 3243 678 3326 implorant
710 3245 810 3323 June,
852 3244 879 3309 si
912 3244 1040 3325 quidem
1077 3250 1187 3307 contra
1220 3242 1396 3308 Aristarchi

274 3340 492 3407 auctoritatem
515 3343 603 3406 loeus
625 3341 843 3406 restituendus
865 3347 923 3421 est,
947 3347 979 3406 et
1000 3341 1085 3406 Mars

335 3465 405 3525 Ζεῦ
427 3457 552 3543 ντάτερ,
576 3455 614 3523 οὗ
636 3459 792 3545 νεμεσίζῃ
818 3454 906 3542 ὁρῶν
928 3456 1009 3523 τάδε
1037 3454 1110 3543 ’ἕρμ’
1136 3454 1306 3544 ἀίδηλα,·

274 3578 291 3643 i.
315 3598 343 3643 e.
373 3576 535 3660 aspiciens
556 3596 639 3660 quae
663 3577 732 3660 jam
762 3598 826 3642 non
855 3585 930 3643 sunt
957 3576 1154 3660 aspicienda.
1199 3578 1397 3646 Scamander

275 3674 393 3741 Achilli
424 3679 455 3736 <D
477 3677 538 3737 220
567 3673 664 3739 obicit
693 3671 732 3739 od
763 3672 799 3739 δὲ
823 3678 965 3750 κτείνεις
992 3671 1175 3759 ἀιὸήλως
1205 3674 1226 3737 i.
1249 3696 1397 3760 e.1supra

276 3772 422 3853 modurn,
460 3771 624 3853 atrociter,
661 3770 841 3836 crudeliter.
900 3772 998 3837 Vides
1036 3772 1098 3837 hac
1133 3773 1399 3856 interpretatione

276 3888 385 3935 omnes
422 3868 509 3933 locos
545 3868 730 3935 Homericos
772 3868 1016 3953 comprehendi,
1060 3870 1151 3934 nulla
1186 3873 1398 3939 translatione

276 3987 353 4052 opus
388 3970 453 4046 est,
490 3986 647 4049 nusquam
680 3965 831 4050 primaria
863 3963 1053 4048 significatio
1089 3966 1258 4033 artificiose
1294 3968 1398 4033 detor·

275 4070 402 4145 quatur,
432 4062 541 4127 omnia
562 4063 661 4146 plana
682 4069 715 4127 et
742 4062 912 4146 perspicua
933 4070 1016 4128 sunt.
1061 4064 1166 4129 Etiam
1190 4083 1264 4128 usus
1287 4062 1398 4128 Hesio·

276 4159 369 4241 deus,
400 4158 603 4241 Pindaricos,
634 4160 831 4244 Sophocleus
853 4160 930 4225 inde
955 4159 1050 4225 facile
1071 4159 1276 4240 intellegitur.
1321 4158 1397 4224 Hes.

274 4278 325 4341 op.
349 4262 413 4324 754
446 4254 614 4339 μωμεύειν
647 4253 799 4344 ἀίδηλα
832 4256 1003 4323 conviciari
1036 4276 1101 4320 non
1134 4253 1334 4319 tolerandum
1363 4256 1397 4320 in
