3575 5334
407 681 447 739 40
922 680 1022 734 Clemm

406 856 439 919 in
469 854 583 936 quibus
610 873 650 919 ne
674 872 816 919 summae
846 852 975 934 quidem
998 850 1184 934 fingentium
1208 849 1364 914 audaciae
1386 850 1533 932 contigis-

407 958 456 1017 set
486 959 520 1017 ut
548 952 649 1016 ullum
673 951 852 1017 intensivae
883 950 1022 1014 notionis
1050 948 1221 1031 vestigium
1246 946 1532 1030 deprehenderent,

407 1056 473 1113 tum
502 1049 601 1132 alpha
634 1048 718 1113 κατὰ
743 1048 939 1131 πρόσθεσιν
969 1066 1040 1113 esse
1067 1044 1242 1130 praefixum
1273 1044 1433 1127 dicerent,
1469 1052 1532 1109 tum

408 1146 622 1232 wisovastus,
646 1154 712 1211 tum
736 1146 789 1209 ubi
816 1145 1017 1210 commodum
1039 1142 1209 1209 videbatur
1234 1137 1403 1227 εὗφωνίας
1426 1139 1532 1207 ἕνεκα.

409 1241 707 1308 Commodissimum
736 1249 843 1308 autem
874 1244 935 1307 hoo
968 1248 1036 1306 erat
1067 1242 1099 1304 in
1132 1239 1241 1304 formis
1271 1238 1453 1323 duplicibus
1481 1240 1533 1304 ubi

408 1340 509 1424 alpha
531 1342 584 1406 vel
607 1338 784 1422 praefixum
808 1359 879 1406 esse
902 1340 954 1405 vel
978 1339 1090 1403 deesse
1119 1343 1243 1419 poterat
1265 1342 1299 1400 ut
1327 1337 1360 1399 in
1390 1336 1532 1417 σκαρίζω

408 1444 440 1503 et
463 1432 651 1520 ἅσκαρίζω,
677 1437 821 1515 σκαλίζω
846 1443 877 1501 et
900 1433 1069 1514 ἀσκαλὶζω
1093 1435 1259 1500 similibus.
1303 1435 1396 1498 Nunc
1419 1435 1533 1501 seimus

301 1533 305 1538 ’
407 1535 588 1616 linguarum
633 1534 871 1617 comparatione
908 1534 1013 1598 edocti
1057 1532 1224 1616 permultis
1260 1532 1428 1597 vocabulis
1471 1553 1532 1597 non

408 1637 531 1696 mutata
555 1630 790 1712 significatione
812 1633 943 1706 vocales
971 1629 1102 1713 praefigi
1129 1649 1261 1712 quarum
1283 1630 1385 1693 forma
1408 1636 1440 1694 et
1461 1650 1533 1695 usus

408 1748 466 1812 pro
495 1735 673 1812 temporum
702 1748 740 1794 ao
769 1730 909 1793 locorum
940 1728 1126 1793 diversitate
1147 1728 1252 1790 variat
1281 1734 1312 1791 et
1334 1745 1418 1808 quae
1440 1726 1533 1809 vulgo

409 1825 557 1890 dicuntur
585 1825 858 1908 prothetioae.
911 1826 978 1890 Hoc
1000 1823 1176 1908 praefixum
1199 1825 1295 1905 quale
1317 1823 1358 1888 sit
1380 1842 1533 1904 quaerere

410 1924 461 1987 hic
492 1922 573 1985 nihil
602 1923 732 2003 attinet,
763 1921 900 1988 sufficiat
926 1923 986 1987 hoc
1015 1942 1133 1987 novum
1162 1939 1263 2003 genus
1286 1920 1466 2002 euphonico
1488 1921 1533 1985 illi

409 2019 600 2086 substituere
623 2025 655 2084 et
683 2020 929 2101 frequentiorem
956 2022 984 2086 ei
1014 2040 1106 2086 usum
1135 2017 1324 2098 mecedem,
1359 2037 1455 2099 quam
1484 2039 1533 2084 ve·

408 2125 494 2183 teres
531 2115 672 2199 praefixo
708 2136 765 2182 suo
805 2118 875 2183 sive
915 2118 1094 2199 euphonico
1131 2116 1200 2182 sive
1236 2114 1432 2197 prosthetico
1468 2118 1534 2183 sive

409 2216 607 2298 pleonastioo
641 2213 818 2279 concedere
850 2219 1022 2297 potnerunt
1061 2220 1190 2298 propter
1223 2231 1278 2277 eas
1311 2232 1425 2280 causas
1459 2235 1534 2298 quas

408 2331 506 2395 supra
528 2312 743 2394 exposuimus.

432 2460 437 2470 .
495 2408 585 2487 Quae
622 2428 692 2472 oum
730 2409 775 2473 ita
811 2409 891 2489 sint,
929 2415 1078 2490 quattuor
1114 2408 1244 2473 omnino
1281 2427 1402 2490 genera
1437 2408 1534 2491 alpha

408 2504 542 2588 praefixi
571 2513 715 2571 exstant:
750 2505 1040 2587 protheticum,
1078 2506 1368 2589 copulativam,
1399 2507 1534 2588 priva-

409 2602 551 2681 tivum,
596 2603 963 2684 praepositionale.
1019 2604 1068 2666 Ex
1104 2604 1155 2668 his
1191 2603 1362 2686 generibus
1399 2604 1533 2686 primum

410 2698 569 2763 vocabula
597 2698 755 2781 simplicia
783 2700 1003 2781 complectitur
1037 2720 1168 2781 quorum
1203 2699 1377 2782 praefixum
1407 2701 1535 2788 rationi·

410 2796 469 2859 bus
495 2814 582 2860 mere
610 2795 790 2876 phoneticis
813 2796 963 2878 debetnr3
992 2815 1076 2877 quae
1104 2799 1217 2863 ceteris
1242 2798 1343 2862 tribus
1364 2799 1535 2879 generibus

410 2891 560 2975 exempla
588 2892 800 2973 eontinentur,
831 2894 939 2958 omnia
962 2898 1036 2958 sunt
1070 2895 1245 2977 composita
1268 2915 1400 2977 quorum
1429 2895 1535 2979 priora

409 2989 553 3054 membra
582 2997 655 3054 sunt
686 2989 937 3056 indeclinabilia.
982 2992 1095 3071 ltaque
1127 2992 1311 3057 tractaturis
1339 2993 1410 3074 jam
1444 2994 1535 3059 nobis

410 3085 537 3168 singula
581 3085 740 3151 vocabula
776 3088 808 3151 in
849 3088 964 3170 quibus
1000 3088 1052 3151 vel
1089 3095 1215 3154 veteres
1252 3090 1304 3154 vel
1341 3090 1535 3156 recentiores

409 3183 607 3277 grammatici
644 3184 742 3268 alpha
770 3185 965 3251 intensivum
999 3184 1242 3266 deprehendere
1278 3187 1339 3251 sibi
1371 3187 1433 3252 visi
1463 3195 1536 3252 sunt

410 3288 558 3363 quattuor
583 3281 641 3345 illa
666 3301 787 3362 genera
815 3280 1044 3364 distinguenda
1073 3289 1180 3366 erunt,
1210 3283 1242 3347 in
1271 3284 1406 3366 singulis
1428 3292 1535 3351 autem

410 3379 576 3444 vocabulis
618 3378 844 3444 enumerandis
886 3380 1023 3462 primum
1066 3398 1105 3444 ea
1148 3380 1345 3446 secludenda
1388 3381 1537 3448 videntur

410 3494 574 3555 quorum
604 3475 728 3556 alpha
755 3475 922 3541 initiale
951 3475 1121 3541 manifesto
1147 3477 1201 3542 sit
1222 3479 1382 3561 stirpis,
1418 3478 1536 3545 deinde

411 3590 449 3636 ea
471 3591 604 3653 quorum
627 3572 727 3652 alpha
755 3572 878 3637 initiale
902 3571 1045 3638 noudum
1071 3573 1272 3655 exploratum
1295 3582 1343 3640 est
1365 3581 1470 3640 utrum
1493 3576 1536 3643 ad

410 3668 541 3751 stirpem
566 3668 724 3751 pertineat
746 3688 788 3733 an
811 3669 852 3733 sit
874 3669 1062 3752 praefixum,
1085 3671 1105 3733 i.
1130 3690 1156 3736 e.
1181 3667 1535 3759 ἅνετυμολόγητα.

410 3765 460 3830 Ab
490 3765 539 3830 bis
570 3764 708 3846 denique
737 3766 977 3848 segregabimus
1007 3787 1047 3832 ea
1075 3770 1225 3851 exempla
1263 3789 1361 3851 quae,
1402 3772 1462 3837 etsi
1481 3758 1535 3837 'in

411 3861 551 3927 dubiis
583 3861 832 3928 lectionibus
861 3865 998 3945 posita
1025 3871 1115 3947 sunt,
1147 3872 1254 3930 tamen
1284 3887 1305 3930 a
1327 3867 1404 3932 viris
1433 3868 1537 3936 doctis

411 3958 473 4023 huc
494 3960 604 4024 reterri
627 3959 741 4025 solent.
770 3961 823 4025 Sic
845 3967 968 4043 septem
990 3961 1147 4027 habemus
1162 3964 1282 4028 classes
1297 3965 1535 4050 vocabulorum,

411 4075 494 4136 quae
516 4056 557 4119 ab
587 4056 687 4139 alpha
712 4057 797 4138 quod
826 4077 897 4123 esse
925 4058 1094 4123 voluerunt
1115 4059 1275 4125 intensive
1301 4060 1445 4144 incipere
1467 4064 1538 4129 visa

412 4160 486 4217 sunt
514 4172 659 4235 quaeque
688 4156 796 4220 omnia
823 4155 977 4239 deinceps
1004 4164 1231 4240 proponentur.
1276 4158 1358 4222 Nam
1387 4178 1430 4223 ne
1459 4161 1536 4242 quid

410 4249 444 4313 in
460 4251 646 4316 recensione
667 4257 777 4317 nostra
798 4252 912 4318 deesse
932 4251 1090 4334 videatur,
1113 4254 1342 4320 Doederlinum
1366 4275 1538 4338 sequamur
