3575 5334
640 706 674 761 de
691 708 806 763 dlaleoto
825 709 979 764 herodotea.
1310 708 1370 769 155

245 860 469 966 pleonasmus,
499 898 594 961 quem
617 878 693 944 olim
716 880 832 963 ubique
854 888 1051 963 statuerunt,
1075 882 1222 948 omnibus
1243 883 1373 966 linguae

246 979 373 1062 legibus
404 985 573 1060 repugnat.
617 976 701 1041 Nam
734 998 777 1044 ne
809 979 991 1044 homericae
1022 979 1151 1061 quidem
1184 980 1306 1049 formae
1337 981 1371 1047 iu

245 1100 333 1142 -εεικ
355 1095 453 1141 verae
475 1081 564 1155 sunt,
588 1075 663 1156 sed,
683 1073 788 1158 priore
810 1081 955 1159 tempore
977 1080 1070 1141 EEN
1088 1078 1236 1161 scriptae,
1261 1086 1373 1163 postea

245 1174 278 1240 in
301 1196 390 1238 -εεικ
419 1171 647 1254 transscriptae
669 1179 758 1253 sunt,
788 1194 851 1256 qua
880 1173 921 1239 de
950 1193 985 1239 re
1006 1179 1091 1239 totus
1113 1173 1277 1241 consentio
1300 1198 1371 1244 oum

247 1273 412 1351 Rennero,
445 1269 498 1351 qui
530 1269 782 1336 luculentissime
815 1271 857 1335 de
890 1290 929 1337 ea
957 1272 1105 1354 exposuit
1131 1272 1164 1336 in
1193 1272 1283 1339 stud.
1312 1275 1368 1339 11

246 1390 277 1453 p.
300 1370 437 1434 32—36.
1280 1417 1283 1421 Δ

330 1465 444 1547 Itaque
467 1487 498 1528 ει
521 1463 555 1528 in
578 1463 623 1529 eis
650 1464 891 1546 pronominibus
920 1460 1018 1550 ἡμεῖς
1040 1461 1136 1547 ὑμεῖς
1159 1479 1260 1552 σφεῖς
1283 1474 1315 1533 et
1335 1468 1370 1534 in

247 1565 295 1631 his
316 1560 499 1639 infinitivis,
529 1562 625 1626 etiam
647 1561 681 1625 in
703 1560 841 1627 dialecto
870 1562 1050 1629 neo-ionica
1072 1571 1104 1630 et
1131 1564 1307 1631 herodotea
1329 1584 1370 1632 ex

247 1687 280 1729 εε
310 1665 511 1725 contractum
536 1677 607 1724 esse
634 1659 745 1744 negari
774 1659 904 1724 omnino
932 1661 1052 1743 nequit.
1096 1662 1162 1727 Sed
1190 1662 1370 1729 cavendum

247 1767 310 1841 est,
342 1778 386 1824 ne
407 1758 487 1822 haee
509 1757 682 1821 contractio
704 1776 775 1820 oum
798 1776 852 1838 ea,
880 1777 944 1839 qua
964 1758 1061 1823 Attici
1083 1758 1281 1841 potissimum
1304 1774 1370 1827 ute·

247 1859 372 1941 bantur,
402 1852 629 1936 confundatum
656 1852 690 1916 in
719 1854 770 1919 hle
799 1855 883 1918 enim
912 1853 1021 1920 formis
1043 1880 1077 1921 εε
1103 1855 1173 1939 jam
1201 1858 1371 1925 homericis

246 1955 381 2021 tortasse
404 1951 500 2017 etiam
522 1950 755 2032 antiquioribus
777 1951 973 2033 temporibus
994 1954 1091 2035 vulgo
1114 1956 1370 2040 contrahebatur,

247 2052 353 2134 itaque
382 2048 564 2115 Herodotus
591 2047 625 2112 id
653 2068 695 2113 ne
723 2048 812 2112 novit
840 2047 969 2130 quidem
998 2049 1246 2133 incontrectum3
1275 2054 1302 2118 si
1324 2054 1371 2118 in·

248 2154 443 2215 contractum
466 2145 618 2225 novisset,
642 2165 731 2226 sane,
753 2151 788 2210 ut
809 2165 945 2227 semper,
969 2148 1105 2210 solutum
1122 2148 1312 2229 reliquisset,
1336 2148 1370 2213 id

248 2246 330 2330 quod
354 2252 466 2311 contra
488 2264 543 2310 eos
559 2245 655 2322 valet,
679 2243 731 2325 qui
748 2243 844 2309 etiam
861 2243 912 2308 his
933 2243 1130 2325 temporibus
1153 2243 1370 2312 distractionis

249 2345 297 2410 vel
320 2341 542 2409 dissolutionis
564 2339 696 2407 vocibus
717 2346 855 2406 utuntur.

722 2580 742 2657 ξ
766 2582 794 2642 4.
839 2601 899 2642 εει.

330 2727 422 2793 Haec
449 2726 608 2792 vocalium
637 2725 818 2809 conjunctio
846 2724 979 2801 cumin
1007 2726 1078 2791 sola
1105 2726 1275 2791 verborum
1298 2746 1372 2792 oon·

248 2832 419 2892 tractorum
447 2823 586 2890 flexione
613 2822 811 2905 inveniatur,
841 2822 970 2890 brevior
994 2842 1065 2906 ero,
1095 2823 1211 2906 utqui
1240 2823 1281 2891 de
1302 2823 1372 2889 uni-

249 2943 340 2990 versa
363 2923 476 2987 horum
497 2922 665 2986 verborum
688 2922 811 2987 ratione
831 2921 901 3004 jam
922 2919 1069 2986 dixerim.

331 3021 409 3086 Post
436 3038 594 3085 consonas
622 3039 733 3086 omnes
768 3020 830 3085 huo
863 3019 1061 3101 pertinentes
1092 3017 1214 3083 formae
1247 3020 1372 3087 solutae

238 3123 424 3184 'servantur
472 3121 499 3194 1)
523 3117 593 3183 Sec.
609 3138 656 3199 ps.
672 3136 718 3199 ες.
737 3136 840 3199 praes.
863 3116 920 3179 lut.
943 3115 1020 3196 liqu.
1042 3120 1104 3178 aot.
1127 3114 1216 3180 velut
1239 3116 1371 3194 δοκέεις

249 3216 336 3280 127.
359 3218 421 3280 207
445 3215 493 3278 ΙΙΙ
516 3218 556 3279 34
580 3214 623 3279 IV
645 3217 715 3295 126,
740 3212 934 3295 κερδανέεις
956 3212 972 3275 Ι
995 3214 1046 3291 35,
1069 3206 1275 3291 ἀποβαλέεις
1296 3213 1312 3277 I
1335 3216 1371 3297 73

249 3313 363 3378 vitiosa
385 3311 514 3376 suntin
537 3312 683 3378 omnibus
708 3310 797 3375 libris
821 3309 930 3395 ζητεῖς
952 3308 969 3372 Ι
992 3310 1048 3388 32,
1079 3305 1168 3392 ἐρεῖς
1197 3308 1276 3373 VIII
1301 3314 1370 3393 100,

248 3408 406 3475 interdum
435 3408 469 3473 in
498 3409 584 3474 hunc
612 3410 664 3475 vel
692 3409 783 3472 illum
812 3407 915 3472 forma
943 3409 1107 3472 eontracta
1135 3404 1263 3490 irrepsit
1283 3407 1373 3473 velut

249 3506 410 3592 φλυηρεῖς
433 3505 495 3569 VII
520 3510 579 3572 103
601 3506 635 3570 in
658 3505 699 3571 R.

331 3606 362 3680 2)
396 3604 482 3668 Tert.
500 3623 558 3685 ps.
588 3624 635 3685 sg.
665 3603 735 3688 ῥέει
765 3603 781 3666 Ι
810 3606 860 3667 51.
891 3605 942 3665 72.
974 3605 1044 3667 180.
1077 3604 1135 3666 185
1157 3601 1211 3683 al,
1248 3606 1371 3685 χωρέει

196 3747 211 3757 .
249 3697 264 3763 I
292 3702 353 3765 192
371 3698 442 3764 sim.
498 3699 618 3784 (lontra
649 3700 804 3765 librariis·
823 3699 980 3765 debentur
1013 3706 1045 3765 et
1075 3697 1266 3781 corrigenda
1298 3705 1373 3765 suut

250 3795 341 3864 haee:
373 3807 460 3861 κινεῖ
481 3797 531 3861 ΙΙΙ
555 3787 605 3879 80,
635 3790 821 3879 ἀποστερεῖ
844 3797 887 3862 VI
910 3801 961 3878 65,
991 3806 1155 3880 μαρτυρεῖ
1175 3795 1253 3861 VIII
1275 3801 1316 3862 at
1338 3798 1373 3864 in

250 3894 395 3960 omnib'us
410 3893 581 3975 codicibus,
606 3906 694 3960 κινεῖ
708 3896 741 3959 ΙΙ
757 3898 797 3960 68
813 3894 927 3973 PRdz,
951 3898 1095 3977 περιθεῖ
1111 3893 1127 3957 Ι
1146 3898 1202 3960 181
1219 3893 1371 3974 ABCPz,

227 3986 389 4057 ’ἀπωθεῖ
409 3990 498 4055 1125
517 3989 603 4071 Cltd,
627 3989 740 4057 ἀδικεῖ
762 3992 822 4056 VII
840 3996 888 4071 10,
912 3995 930 4054 7
948 3991 1022 4068 PR,
1044 4001 1209 4075 μαρτυρεῖ
1229 3992 1262 4054 II
1287 3992 1372 4069 1811,

252 4100 349 4173 χωρεῖ
370 4089 403 4153 Π
418 4091 459 4154 96
477 4086 509 4167 C,
533 4087 628 4155 δοκεῖ
649 4090 699 4155 III
716 4094 734 4153 5
757 4089 832 4154 AB.
856 4125 898 4134 -
921 4088 991 4153 Huc
1011 4087 1175 4171 pertinent
1196 4085 1372 4151 nonnullae

254 4182 367 4254 formae
387 4185 479 4252 verbi
500 4190 638 4274 τίθημι,
661 4186 747 4270 quod
769 4185 857 4270 apud
878 4186 975 4251 Iones
997 4183 1180 4265 analogiam
1203 4182 1371 4248 verborum

255 4279 283 4345 in
304 4308 347 4350 ιω
371 4284 523 4367 sequitur.
560 4284 649 4350 Siout
671 4285 713 4350 ab
735 4283 852 4370 ἵστημι
874 4281 963 4365 apud
984 4279 1180 4345 Herodotum
1202 4286 1373 4362 usurpatur
