3575 5334
331 714 392 774 380
817 716 964 771 Bechstein

331 889 419 954 mina
433 894 623 955 tractaturus
639 908 822 970 commorer,
846 890 899 955 hic
914 889 955 956 de
970 890 1025 953 lat.
1041 889 1143 955 forma
1158 890 1264 956 suffixi
1278 889 1452 974 indogerm.

331 1009 438 1051 meac·
460 988 550 1051 veria
571 1007 674 1070 pauca
696 986 883 1069 adjungam.

417 1087 463 1151 Ac
481 1085 617 1167 primum
632 1085 786 1150 memorie
801 1086 932 1167 dignum
949 1093 1006 1165 est,
1030 1086 1063 1151 in
1080 1087 1183 1151 latina
1197 1106 1326 1170 quoqne
1347 1086 1455 1169 lingua

215 1197 226 1213 ·
332 1185 564 1250 substantivum
592 1183 754 1265 quoddam
783 1192 927 1264 exstare,
957 1183 1041 1266 quod
1069 1183 1159 1250 illam
1188 1185 1294 1250 suffixi
1323 1184 1454 1249 formam

332 1301 402 1347 cum
424 1302 470 1363 gr.
494 1303 600 1360 μενο-,
628 1301 711 1363 quac
733 1281 862 1363 quidem
891 1289 940 1347 est
965 1281 1188 1362 usitatissima,
1217 1282 1455 1348 accuratissime

331 1386 557 1460 congruentem
586 1379 716 1460 probet,
745 1380 813 1443 veri
843 1399 1001 1445 essenon
1024 1378 1282 1445 dissimillimum.
1333 1379 1457 1445 Curtius

332 1478 417 1541 enim
440 1477 550 1553 („ttber
572 1475 626 1540 die
648 1495 766 1560 epm-en
783 1477 871 1542 einer
884 1477 996 1541 latein.
1013 1477 1273 1560 o-conjugation“
1296 1478 1332 1541 in
1348 1476 1454 1560 Symb.

331 1575 409 1657 phil.
433 1574 590 1637 bonnens.
617 1594 648 1655 p.
672 1577 744 1650 277)
772 1573 806 1637 in
834 1574 908 1639 lem.
933 1571 999 1655 adj.
1021 1574 1199 1636 Ratumena
1229 1579 1349 1657 (porta)
1378 1570 1456 1637 illud

325 1669 479 1736 suffixum
508 1690 612 1732 meno-
650 1670 759 1736 inesse
787 1671 998 1753 conjectavit,
1032 1670 1073 1735 dc
1106 1672 1196 1754 cujus
1230 1672 1374 1737 nominis
1400 1670 1457 1735 for·

332 1768 442 1832 mandi
464 1770 588 1833 ratione
609 1768 693 1831 inira
715 1767 844 1834 uberius
866 1769 1086 1851 quaerendum
1109 1776 1166 1834 est.
1202 1768 1297 1847 Quod
1320 1767 1457 1834 nominis

333 1865 513 1928 Rutumcnc
541 1865 574 1929 in
603 1865 700 1930 Plinii
727 1865 833 1947 (Vlll,
858 1870 916 1948 42,
940 1870 981 1931 65
1009 1865 1059 1932 cd.
1090 1866 1194 1948 Sillig)
1224 1887 1300 1931 mss.
1330 1865 1457 1949 optimis

333 1983 474 2029 consona
496 1984 516 2024 n
537 1965 733 2045 geminatur:
771 1964 983 2038 Ratumenna,
1012 1962 1094 2028 illud
1117 1961 1217 2028 Curtii
1241 1983 1308 2028 non
1332 1962 1454 2029 refellit.

418 2060 618 2145 Comparatio
652 2061 736 2125 enim
764 2061 931 2127 vocabulis
959 2062 1042 2127 oscis
1071 2062 1262 2124 teremenm‘rl
1292 2063 1312 2127 i.
1344 2084 1373 2129 e.
1404 2063 1455 2126 lat.

331 2158 510 2222 terminalia
525 2156 728 2237 (*terminic),
745 2158 960 2222 dclrmconiot's
974 2160 993 2225 i.
1007 2180 1033 2227 c·
1050 2159 1228 2239 decimando,
1243 2154 1457 2223 Alcudunniud

332 2259 352 2322 i.
376 2276 403 2322 e.
427 2255 599 2341 Aquilonis
627 2256 711 2320 hanc
739 2276 805 2321 rem
827 2257 989 2340 alinguis
1017 2257 1133 2322 italicis
1160 2277 1224 2321 non
1251 2258 1456 2323 abhorruisse

332 2355 510 2437 apparebit.
526 2390 568 2400 —
585 2352 671 2418 lllud
686 2374 762 2420 vero
779 2375 884 2417 meno·
905 2354 939 2419 in
962 2355 1035 2419 aliis
1057 2374 1183 2438 quoque
1205 2355 1332 2439 priscae
1355 2354 1455 2420 latini·

332 2453 407 2518 tatis
429 2452 612 2518 nominihus
634 2458 820 2533 usurpatum
843 2469 924 2533 esse,
948 2451 1025 2517 inde
1045 2452 1195 2536 sequitur,
1218 2451 1305 2535 quod
1328 2453 1456 2518 nomina

332 2561 503 2623 cormones,
533 2549 665 2632 fimena
695 2556 749 2613 ctt.
779 2549 812 2612 in
835 2568 983 2614 sermone
1011 2550 1139 2632 plebejo
1167 2550 1254 2614 haud
1276 2569 1350 2614 raro
1372 2551 1454 2615 inve·

333 2648 512 2724 marture).
563 2644 654 2723 Quae
681 2666 779 2728 quum
807 2646 853 2711 ita
880 2647 959 2728 sint,
995 2646 1072 2729 quin
1100 2647 1202 2711 forma
1229 2668 1336 2710 meno-
1365 2647 1455 2713 luerit

331 2744 451 2825 linguis
472 2742 718 2825 graeco-italicis
741 2744 926 2826 communis,
950 2743 1161 2809 dubitandum
1183 2763 1248 2809 non
1271 2751 1330 2812 est.

418 2840 454 2904 In
483 2840 584 2905 latino
613 2859 689 2905 vero
718 2859 866 2907 sermone
893 2841 1016 2906 vocalis
1038 2862 1055 2903 e
1080 2841 1250 2923 paullatim
1278 2843 1313 2907 in
1342 2845 1357 2905 i
1382 2850 1455 2908 atte-
1485 2846 1488 2851 ’

231 3000 233 3004 ,
333 2938 433 3020 eueni,
457 2945 570 3021 postea
591 2956 668 3002 vero
691 2938 743 3001 vel
766 2937 843 3002 elidi
865 2939 1039 3015 solebat³⁴).

419 3036 571 3101 Vocalem
599 3056 616 3097 e
644 3035 677 3099 in
706 3036 720 3096 i
744 3041 901 3101 mutatam
928 3056 993 3100 non
1022 3035 1118 3107 modo
1143 3037 1315 3102 verborum
1338 3038 1454 3103 formae

331 3137 408 3201 illae
437 3136 470 3199 in
497 3134 576 3195 mici
601 3137 642 3211 (2.
671 3153 755 3216 pers.
786 3135 831 3217 pl.
860 3138 959 3216 pass.)
996 3139 1029 3198 et
1055 3135 1139 3195 mino
1174 3135 1347 3216 (imperat.)
1378 3134 1456 3201 (lesi-

333 3239 462 3315 nentes‚
485 3231 543 3298 sed
566 3231 664 3296 etiam
686 3230 888 3297 substantiva
910 3230 1069 3313 quaedam
1091 3250 1171 3312 prae
1192 3249 1228 3297 se
1249 3230 1375 3298 ierunt:

417 3331 577 3403 terminus,
593 3328 730 3411 femina,
754 3329 879 3391 lomina.
1133 3399 1137 3403 ,

417 3425 528 3491 Suffixi
550 3427 673 3492 vocalis
696 3432 826 3491 extrusa
848 3426 952 3492 estin
974 3424 1025 3491 his
1046 3424 1246 3491 nominihus:

401 3595 434 3661 ³³)
451 3592 585 3661 Exempla
595 3592 681 3646 multa
692 3593 800 3661 collegit
812 3592 991 3660 Schuchardt,
1009 3592 1144 3647 vocalism.
1156 3591 1205 3646 des
1216 3592 1360 3661 vulgerlm
1372 3595 1407 3660 Π,
1417 3598 1456 3661 23;

332 3674 380 3737 ΠΙ,
401 3678 456 3727 172.
494 3671 534 3727 cf.
555 3672 636 3726 etiam
655 3673 830 3728 deminutiva:
857 3672 971 3742 femella
989 3676 1033 3740 (ex
1050 3672 1212 3743 *femen-la)
1230 3703 1265 3713 —
1282 3674 1400 3744 femina,
1418 3675 1453 3730 tc·

332 3755 412 3807 mella
430 3758 473 3818 (ex
487 3753 650 3820 *lamen-la)
667 3786 697 3793 -
714 3755 825 3819 lumino,
844 3753 986 3808 columella
1005 3758 1048 3817 (ex
1064 3753 1260 3821 *columen-la)
1274 3785 1309 3795 -
1322 3758 1454 3811 columna.

403 3836 435 3897 ³⁴)
459 3834 490 3887 ln
507 3833 646 3888 nominum
663 3850 822 3902 graecorum
839 3834 902 3888 fem.
920 3851 979 3903 gen.
998 3833 1114 3903 quodam
1131 3849 1228 3903 genere
1245 3836 1349 3890 vocaHs
1368 3837 1424 3890 ein
1435 3829 1453 3885 'o

332 3914 471 3969 transiisse
483 3914 596 3980 videtur,
614 3931 695 3983 quam
711 3915 739 3968 in
753 3930 809 3968 rem
823 3915 891 3969 haee
907 3915 1003 3969 afferre
1014 3914 1093 3969 libet:
1108 3912 1259 3985 yae-pomi,
1272 3914 1452 3987 κλαυθ-μονή,

332 3992 495 4063 alno-promi,
522 3994 652 4062 ειη-μονή,
678 3992 840 4063 ‹play-porri.
875 3995 937 4050 Huc
954 4011 1009 4050 non
1031 3995 1158 4063 pertinet:
1184 3992 1305 4063 ἧγεμόνη
1324 4012 1341 4050 a
1360 3995 1452 4052 celeris

332 4092 387 4130 non
405 4076 491 4130 solum
508 4078 636 4141 accentu,
660 4076 708 4131 sed
732 4075 813 4130 etism
834 4079 972 4143 potestate
995 4076 1050 4142 (illa
1072 4081 1136 4129 sunt
1159 4076 1314 4143 abstracta,
1338 4078 1393 4131 hoo
1416 4078 1453 4130 est

333 4160 497 4220 concretum)
515 4155 665 4218 diversum,
690 4156 772 4210 simili
788 4156 867 4209 modo
886 4172 1003 4210 amase.
1023 4153 1165 4224 „irenem
1188 4161 1231 4217 (st
1250 4154 1378 4225 tirenum)
1394 4171 1452 4226 pro·

333 4237 434 4290 tectum
458 4240 539 4305 atque
563 4236 609 4289 lat.
633 4235 694 4290 fem.
716 4236 831 4305 flamina
849 4235 957 4290 Gruter.
981 4236 1063 4290 inser,
1085 4240 1143 4302 459,
1162 4241 1178 4290 9
1202 4252 1219 4290 ε
1243 4251 1327 4290 mese.
1348 4236 1451 4305 flamen.

335 4314 373 4368 Gt.
393 4315 473 4368 etiam
491 4317 547 4378 adj.
566 4316 706 4372 illuminas
723 4316 804 4385 Apul.
822 4319 885 4370 met.
905 4321 929 4382 6,
949 4322 964 4370 2
988 4332 1005 4371 a
1021 4316 1107 4371 subst.
1126 4316 1216 4371 lumen
1234 4316 1395 4371 derivatum.
