3575 5334
629 716 663 769 de
680 715 796 770 dialecto
814 715 907 768 Attica
924 716 1078 769 vetustiore.
1112 716 1147 768 Π.
1387 718 1451 779 419

330 906 465 969 rumque
486 887 597 951 talium
620 888 788 952 verborum
810 886 932 967 aliquid
953 886 1046 968 inest,
1069 888 1154 969 quod
1176 887 1282 971 efficit,
1304 893 1452 975 utactio,

331 989 422 1067 qnae
450 985 495 1049 eis
528 990 672 1067 notatur,
712 984 815 1067 magis
845 982 889 1048 ad
921 983 1059 1048 tutumm
1092 1004 1186 1067 quarn
1220 985 1263 1050 ad
1298 1008 1452 1070 praesens

327 1090 455 1165 tempus
485 1080 649 1146 referatur.
693 1082 842 1146 nimirum
869 1087 902 1146 et
930 1078 1046 1161 νέομαι
1068 1087 1100 1147 et
1120 1086 1255 1163 βείομαι
1277 1090 1309 1149 et
1331 1076 1398 1165 εἶμι
1421 1091 1453 1152 et

329 1175 503 1260 γεγάονιαι
532 1185 564 1246 et
599 1177 668 1265 δήω
701 1186 821 1244 motum
851 1178 1012 1261 quendam
1042 1198 1080 1243 ac
1112 1184 1275 1261 tamquam
1303 1188 1451 1247 conatum

330 1275 524 1357 describunt,
548 1277 636 1341 cuius
659 1275 730 1341 finis
753 1296 821 1340 cnm
846 1276 879 1340 in
901 1275 1014 1340 futuris
1034 1276 1157 1358 positus
1174 1276 1224 1357 sit,
1248 1278 1343 1342 etiam
1365 1298 1454 1344 men·

328 1381 392 1439 tem
416 1372 498 1453 eius,
522 1374 576 1455 qui
597 1374 736 1456 loquitur
757 1381 813 1438 aut
834 1371 940 1453 audit,
967 1393 988 1437 a
1009 1374 1173 1457 praesenti
1193 1380 1337 1458 tempore
1359 1375 1453 1441 facile

330 1490 466 1536 avocare
488 1475 602 1552 potest.
646 1469 733 1552 quod
754 1470 807 1535 vel
828 1470 860 1534 in
884 1470 931 1533 eis
953 1469 1076 1550 verbis,
1105 1489 1238 1550 quorum
1261 1470 1451 1554 significatio

330 1573 415 1633 certo
438 1587 498 1633 usu
519 1566 642 1632 munita
663 1567 705 1633 sit
713 1614 721 1647 ‚
745 1566 834 1631 utin
858 1560 1001 1646 ἐλαύνω,
1024 1563 1225 1646 πορεύομαι,
1247 1568 1335 1650 aliis,
1358 1570 1453 1635 inter-

330 1659 405 1730 dum
435 1663 580 1730 accidere
609 1664 810 1730 notissimum
833 1670 897 1744 est3
926 1662 964 1727 cf.
987 1662 1028 1726 K.
1052 1662 1102 1727 W.
1125 1663 1282 1746 Kruegeri
1304 1666 1452 1742 „Griecn

329 1760 566 1845 Sprachlehre“
596 1762 610 1826 I
634 1771 666 1827 et
688 1762 729 1845 ΙΙ,
754 1764 804 1841 53,
829 1773 852 1840 1,
874 1771 889 1821 6
912 1778 980 1841 sqq.
1011 1759 1160 1825 servandi
1188 1780 1264 1827 vero
1289 1763 1454 1827 notionem

329 1861 362 1923 in
385 1859 496 1943 primis
519 1859 593 1923 huic
614 1859 724 1941 generi
747 1855 1024 1922 adnumerandam
1040 1874 1110 1921 esse
1132 1876 1203 1922 eum
1225 1878 1283 1941 per
1304 1878 1340 1925 se
1360 1860 1472 1926 intel·-

329 1957 446 2039 legitur
466 1963 533 2021 tum
555 1957 632 2021 satis
654 1955 763 2020 multis
784 1953 942 2035 exemplis
964 1951 1142 2017 confirmari
1163 1962 1278 2036 potest.
1322 1976 1453 2039 qnorum

330 2073 479 2135 magnam
517 2052 635 2117 molem
671 2053 733 2118 huc
769 2069 943 2133 congerere
976 2070 1040 2113 non
1071 2051 1178 2115 minus
1212 2052 1326 2119 inutile
1359 2073 1454 2135 quam

330 2151 498 2215 molestum
525 2157 586 2223 est.
631 2148 688 2214 sed
718 2168 774 2230 ea,
807 2149 841 2212 in
869 2146 984 2229 quibus
1015 2146 1106 2229 ipsae
1139 2146 1260 2213 formae
1291 2149 1455 2215 breviores

331 2244 407 2311 σώω
432 2254 463 2312 et
486 2242 556 2311 οόω
578 2252 725 2326 exstant,
749 2244 857 2309 omnia
878 2262 930 2308 me
952 2242 1067 2307 afferre
1090 2250 1229 2328 oportet,
1253 2264 1294 2310 ne
1318 2246 1368 2310 cui
1390 2266 1454 2311 nno

331 2345 387 2409 illo
410 2345 480 2410 loco
502 2344 667 2409 insolitam
690 2341 964 2426 significationem,
987 2340 1125 2421 quaein
1148 2348 1269 2407 ceteros
1291 2362 1356 2407 non
1379 2362 1455 2424 qna·

330 2441 447 2521 draret,
469 2440 620 2507 statuisse
642 2438 762 2505 videar.

368 2580 369 2583 =
417 2535 485 2602 οόω
507 2538 604 2620 igitur
625 2542 657 2602 ct
681 2532 798 2612 coos)
827 2535 955 2598 omnino
984 2534 1094 2617 paucis
1123 2541 1247 2599 tantum
1269 2536 1347 2601 locis
1367 2535 1455 2619 apud

331 2635 503 2701 Homerum
536 2641 568 2700 et
599 2633 772 2698 nonnullos
805 2631 999 2697 recentiores
1031 2638 1160 2713 poetas,
1195 2627 1249 2715 qui
1276 2651 1456 2717 sermonem

331 2733 538 2798 vetustiorem
565 2730 680 2795 imitati
709 2736 798 2811 sunt,
827 2727 1038 2812 reperiuntur.
1083 2734 1115 2794 et
1136 2728 1305 2795 Homerica
1326 2729 1455 2812 quidem

331 2830 482 2913 exempla
508 2830 588 2894 haec
609 2834 697 2895 sunt:

373 2969 394 3027 Ι
415 2968 475 3030 303
491 2984 553 3047 sq.:
580 2956 618 3048 ἢν
641 2959 702 3045 γὰρ
726 2958 764 3046 δή
788 2983 829 3041 με
851 2956 985 3023 οόωσι
1012 2960 1088 3022 θεοὶ
1112 2957 1167 3024 καὶ
1189 2954 1297 3025 οἴκαδ’
1322 2960 1454 3043 ἵκωμαι,

579 3054 709 3142 Πηλεύς
746 3054 811 3142 θήν
848 3077 908 3134 μοι
922 3053 1058 3168 3εἰιτειια
1089 3059 1226 3137 γυναῖκα
1256 3062 1457 3140 γαμέσσεναι

893 3172 1001 3225 αυιος.

376 3276 396 3334 Ι
417 3275 478 3336 423
495 3290 558 3352 sq.:
587 3261 666 3354 ὄφρ’
685 3264 786 3351 ἄλλην
803 3262 994 3350 φράζωνται
1010 3261 1056 3327 ἐνὶ
1080 3265 1177 3348 φρεσὶ
1199 3267 1298 3351 μῆτιν
1322 3262 1456 3349 ἀμείνω,

581 3360 602 3453 ἥ
624 3370 659 3431 κέ
681 3388 761 3450 σφιν
785 3360 864 3448 νῆάς
885 3384 921 3424 τε
944 3360 1003 3444 οόῃ
1027 3360 1080 3424 καὶ
1105 3358 1185 3423 λαὸν
1204 3357 1358 3443 Ἀχαιῶν.

375 3487 396 3545 Ι
417 3486 478 3548 080
494 3501 557 3564 sq.:
584 3473 682 3545 αὐτόν
705 3502 743 3544 οε
765 3474 956 3562 φράζεσθαι
978 3470 1012 3539 ἐν
1030 3467 1230 3557 Ἀργείοισιν
1253 3471 1386 3560 ἄνωγεν,

582 3572 703 3652 ὅππως
725 3599 778 3641 κεν
802 3572 880 3660 νῆάς
903 3595 939 3637 τε
961 3569 1060 3655 σόῃς
1082 3570 1138 3637 καὶ
1163 3571 1242 3637 λαὸν
1267 3568 1404 3654 Ἀχαιῶν
1413 3576 1455 3649 ¹⁰).

407 3815 438 3878 ¹⁸)
463 3812 496 3866 de
514 3812 631 3875 ratione,
656 3826 725 3880 quae
742 3810 813 3864 inter
830 3809 898 3863 haec
916 3809 998 3874 verba
1014 3806 1148 3876 primitiva
1166 3807 1193 3858 et
1211 3802 1300 3864 σαόω,
1321 3804 1399 3865 σωζω
1424 3806 1457 3860 dc

335 3894 428 3948 eadem
447 3893 532 3961 stirpe
555 3890 676 3946 derivata
698 3889 860 3956 intercedat,
888 3889 923 3943 cf.
949 3904 993 3955 ca,
1016 3901 1085 3956 quac
1102 3884 1289 3953 Mangoldius,
1314 3884 1391 3940 Stud.
1409 3885 1456 3950 VI,
1507 3898 1510 3905 ·

334 3990 360 4043 p.
382 3977 428 4027 199
448 3971 564 4026 dilucide
582 3969 714 4040 exposuit.

408 4052 439 4119 ¹⁹)
457 4052 509 4107 hoc
526 4052 586 4107 loco
600 4058 627 4105 et
639 4067 680 4117 eo,
697 4051 742 4120 qui
760 4049 905 4115 antecedit,
922 4065 987 4102 num
998 4053 1072 4103 reete
1082 4048 1223 4102 Bckkerus
1241 4050 1268 4099 et
1284 4048 1325 4099 La
1336 4044 1456 4099 Rochius

337 4137 375 4198 (et
391 4133 508 4187 fortasse
526 4131 581 4197 alii)
603 4132 791 4185 Aristarchum
808 4129 894 4184 secuti
913 4125 978 4197 σόῳ,
1000 4125 1072 4196 σόῳι
1088 4126 1259 4196 scripserint,
1284 4140 1356 4179 nunc
1374 4139 1457 4191 quae·

295 4220 299 4226 '
335 4227 396 4266 rere
422 4213 510 4268 mitto.
550 4226 613 4265 nam
636 4217 781 4279 utcumque
804 4211 873 4264 hacc
896 4208 1018 4276 quaestio
1044 4208 1111 4262 satis
1137 4205 1254 4260 difficilis
1281 4204 1324 4268 (de
1346 4218 1399 4272 qua
1423 4203 1457 4258 ct.

336 4291 466 4360 Mangold
483 4293 501 4346 l.
515 4292 536 4345 i,
556 4296 614 4355 200)
642 4290 816 4357 dissolvetur,
842 4290 883 4357 id,
910 4288 982 4358 quod
1005 4301 1089 4355 supra
1111 4285 1144 4340 dc
1166 4284 1361 4352 significatione
1384 4283 1458 4337 verbi
