3575 5334
638 716 671 770 de
687 716 802 772 dialecto
820 716 913 771 Attica
929 716 1082 772 vetustiore.
1117 717 1152 769 II.
1391 721 1452 782 435

330 887 475 968 linguam
498 888 599 953 instar
620 888 751 969 gloriosi
772 888 860 954 illius
881 889 1045 955 venatoris
1066 889 1164 955 luisse
1186 895 1293 973 putat,
1320 894 1374 974 qui
1395 914 1455 959 sua

331 1005 422 1051 corna
444 986 574 1068 suisque
596 987 724 1052 lacertis
746 986 860 1052 enixus
889 1006 907 1051 e
928 985 1048 1069 palude
1076 1006 1111 1053 se
1133 986 1319 1054 sublevasse
1344 988 1454 1055 fertur.

330 1082 497 1148 imovero
526 1082 666 1148 studium
695 1090 726 1149 et
754 1085 883 1159 uocales
912 1083 1121 1150 contrahendi
1152 1091 1184 1149 et
1212 1085 1454 1153 terminationes

331 1180 555 1246 declinationis
588 1181 621 1246 in
655 1180 872 1247 contrahendo
902 1180 1051 1246 distincte
1083 1181 1283 1264 exprimendi
1312 1183 1341 1248 ei
1369 1185 1455 1267 parti

332 1277 462 1344 dialecti
484 1277 628 1360 Ionicae,
652 1297 671 1343 e
693 1298 756 1360 qua
778 1278 883 1343 Attica
905 1278 1061 1361 paulatim
1085 1277 1229 1343 derivata
1250 1286 1314 1361 est,
1341 1280 1455 1347 innata

330 1375 391 1439 luit
412 1393 516 1456 neque
539 1382 650 1440 contra
679 1395 770 1440 usum
793 1376 956 1457 vulgarem
984 1376 1019 1439 in
1047 1394 1119 1442 eam
1144 1375 1276 1442 aliunde
1297 1376 1394 1442 insita
1416 1399 1456 1444 ac

330 1478 494 1555 tamquam
516 1473 679 1537 inoculata
701 1490 772 1538 esse
793 1472 939 1555 putanda
960 1479 1018 1538 est.

418 1571 548 1635 omnino
581 1570 665 1635 enim
698 1568 943 1650 mutationibus,
984 1589 1067 1655 quae
1098 1569 1133 1634 in
1165 1570 1275 1652 lingua
1308 1574 1471 1638 consulta.

332 1687 431 1750 opera
446 1668 610 1733 bominum
625 1665 691 1731 fieri
707 1666 842 1750 possint,
864 1667 1041 1749 Herzogius
1055 1668 1155 1732 multo
1171 1667 1334 1749 maiorem,
1358 1688 1454 1750 quam

332 1765 509 1847 oportebat,
532 1764 598 1829 vim
617 1764 736 1844 tribuit,
759 1763 843 1845 quod
865 1763 899 1827 in
915 1765 1131 1831 contractione
1153 1785 1191 1831 eo
1214 1765 1318 1830 acrius
1340 1765 1456 1849 impro-

331 1862 475 1927 bandum
497 1869 555 1943 est,
586 1860 671 1943 quod
693 1879 735 1924 ne
757 1861 924 1942 exemplar
946 1860 1074 1942 quidem
1097 1861 1213 1927 afferre
1234 1861 1346 1946 potuit,
1370 1862 1456 1945 quod

331 1959 430 2024 Attici
463 1960 497 2023 in
530 1958 592 2022 hac
626 1976 661 2022 re
688 1958 787 2022 secuti
818 1957 891 2022 sint.
944 1957 1012 2022 eius
1040 1956 1126 2021 modi
1154 1962 1262 2023 autem
1289 1960 1457 2043 exemplar

332 2057 488 2121 babemus
520 2053 608 2120 haud
639 2052 734 2117 dubie
762 2054 795 2117 in
824 2077 843 2136 q
873 2060 905 2117 et
933 2077 954 2115 α
982 2054 1080 2135 longa
1107 2054 1273 2120 vocalibus
1305 2057 1388 2122 inter
1421 2076 1456 2123 se

332 2154 479 2233 mutatis,
509 2152 660 2235 quonlam
689 2150 807 2215 Dorica
835 2158 867 2215 et
895 2150 1028 2216 Aeolica
1056 2150 1199 2232 dialecti,
1228 2152 1261 2215 in
1290 2154 1405 2234 quibus
1433 2157 1455 2216 ἂ
1544 2206 1547 2209 .

332 2270 461 2335 semper
481 2256 609 2315 servata
638 2253 697 2329 est,
719 2267 850 2331 prorsus
872 2248 1052 2313 contrariae
1079 2253 1154 2312 sunt
1175 2247 1314 2329 Ionicae,
1336 2250 1370 2315 in
1393 2270 1456 2332 qua

333 2353 354 2413 ἃ
377 2353 502 2414 tantum
524 2366 589 2410 non
611 2363 739 2428 semper
759 2345 794 2409 in
817 2368 836 2427 η
859 2350 981 2409 mutata
1004 2351 1061 2410 est.
1099 2361 1162 2427 qua
1182 2363 1218 2409 re
1240 2346 1328 2434 quod.
1340 2346 1456 2429 Atthis,
1515 2406 1519 2411 .

331 2466 407 2528 pars
430 2443 560 2510 dialecti
581 2442 728 2523 Ionicae,
758 2443 792 2506 in
808 2441 921 2507 ¹medio
944 2442 1049 2524 posita
1070 2449 1134 2522 est,
1159 2439 1220 2505 boe
1242 2460 1283 2507 ex
1304 2445 1457 2527 analogia

332 2544 440 2626 poesis
463 2541 600 2606 Doricae
629 2539 748 2604 factum
777 2558 848 2605 esse
870 2539 1045 2621 Herzogius
1062 2540 1107 2616 ,(1.
1137 2538 1159 2602 l.
1185 2541 1256 2615 103)
1284 2540 1456 2606 existimat.

302 2645 306 2653 '
332 2647 367 2705 at
387 2639 471 2704 hanc
495 2637 741 2721 explicationem
764 2635 839 2702 ferri
862 2657 926 2701 non
949 2656 1054 2721 posse,
1077 2635 1136 2703 sed
1158 2636 1335 2701 ‹ir-Atticam
1351 2638 1455 2721 ipsam

333 2756 459 2820 quoque
482 2754 522 2801 ex
543 2741 652 2800 vetere
681 2740 713 2799 et
734 2734 894 2798 communi
922 2733 1035 2815 lingua
1056 2733 1181 2799 Graeca
1206 2734 1363 2811 reliquam
1386 2754 1457 2801 esse

332 2834 398 2899 iarn
431 2853 528 2916 supra
559 2835 602 2915 (p.
632 2834 695 2894 244
717 2835 798 2915 sqq.)
831 2830 1050 2897 demonstravi
1084 2850 1188 2912 neque
1217 2850 1298 2914 opus
1326 2837 1376 2897 est
1404 2851 1457 2898 me

332 2937 521 3013 argumenta
544 2927 639 2994 huius
663 2919 944 2994 demonstrationis
965 2934 1119 3011 repetere.
1163 2946 1277 2992 vereor
1297 2928 1392 3007 eninr,
1415 2947 1457 2994 ne

333 3027 454 3093 diutins
480 3027 563 3108 iam,
593 3045 688 3107 quam
714 3024 893 3105 debuerim,
923 3026 956 3089 in
979 3023 1143 3090 sententia
1165 3023 1313 3105 Herzogii
1338 3025 1458 3088 exami-

332 3124 444 3189 nanda
464 3129 612 3190 versatus
640 3122 709 3188 sim.
754 3122 807 3204 qui
829 3121 934 3200 volet,
963 3123 1034 3203 ipse
1059 3120 1358 3187 commentationem
1388 3122 1457 3186 eius

334 3222 492 3303 inspicere
519 3220 651 3304 poterit,
680 3238 740 3284 neo
766 3224 875 3283 tamen
904 3219 1051 3299 cuiquam
1078 3217 1181 3281 abeo
1210 3235 1396 3306 persuasum
1418 3217 1458 3282 iri

333 3318 429 3384 credo
461 3317 633 3383 dialectum
662 3316 816 3395 Atticam,
849 3315 975 3397 qualem
1003 3333 1064 3379 nos
1091 3313 1255 3393 novimus,
1284 3334 1306 3379 a
1334 3313 1458 3396 volgari

333 3434 482 3482 sermone
502 3414 747 3480 Atheniensium
768 3432 898 3496 prorsus
919 3409 1132 3476 abhorruisse.

420 3518 453 3577 et
480 3512 515 3575 in
542 3510 603 3577 hac
634 3530 671 3577 re
698 3510 902 3593 Bergkius
924 3527 1058 3574 *mecum
1093 3506 1186 3591 lacit,
1223 3507 1278 3588 qui
1306 3507 1456 3585 ,Griecb

283 3602 291 3616 ⁹
334 3608 701 3691 Literaturgescbichte“
714 3608 740 3688 l,
758 3627 790 3689 p.
806 3610 846 3672 52
857 3626 926 3690 sqq.
942 3606 985 3672 de
998 3604 1144 3670 dialectis
1165 3604 1297 3686 linguae
1313 3603 1459 3671 Graecae

334 3713 447 3789 argute
477 3711 510 3771 et
538 3705 666 3788 copiose
694 3704 770 3786 egit.
815 3703 870 3768 ubi
898 3710 1068 3787 postquam
1097 3701 1253 3766 dialectos
1280 3700 1457 3784 Aeolicam,

336 3805 496 3883 Doricam,
519 3803 661 3867 Ionicum
683 3800 854 3882 variasque
876 3801 1000 3883 species
1022 3820 1130 3867 earum
1156 3796 1333 3880 descripsit,
1361 3817 1392 3881 p.
1417 3804 1454 3862 71
1493 3800 1495 3803 ’

335 3900 378 3965 ad
400 3900 565 3965 Atthidem
595 3898 725 3977 transit,
754 3918 850 3980 quam
879 3898 938 3963 etsi
966 3897 1142 3982 posteriore
1168 3901 1276 3980 aetate
1303 3913 1458 3960 concursu

335 3997 577 4080 peregrinorum
607 4003 639 4060 et
667 3997 811 4060 consulto
840 3995 979 4077 quodam
1012 3993 1117 4060 studio
1146 3998 1270 4058 ceteras
1302 3992 1458 4057 dialectos

335 4094 420 4160 inter
441 4113 477 4159 se
498 4092 692 4159 conciliandi
713 4092 913 4156 immutatam
941 4111 1013 4158 esse
1033 4092 1104 4176 ipse
1125 4109 1251 4173 quoque
1278 4110 1343 4153 non
1368 4090 1458 4171 igno-

336 4196 403 4272 rat,
432 4198 539 4255 tamen
565 4190 690 4272 volgari
718 4207 864 4255 sermone
892 4190 983 4271 quasi
1010 4187 1220 4253 fundamento
1246 4185 1356 4251 nixam
1386 4204 1458 4252 esse

337 4308 394 4353 suo
422 4287 491 4353 iure
520 4287 692 4352 existimat.
734 4305 850 4370 nempe
878 4304 899 4351 a
924 4287 1031 4352 verbis
1053 4284 1235 4367 Strabonis,
1265 4303 1348 4366 quae
1375 4302 1458 4348 com·
