3575 5334
757 455 789 509 de
807 456 891 522 alpha
907 456 1047 510 intensiva.
1087 529 1095 536 .
1425 455 1462 515 31

341 626 474 711 praefigi
495 634 616 709 potest,
646 647 837 711 nonaeque
859 628 1007 693 omnibus
1033 628 1251 693 substantivis.
1296 629 1323 693 l]
1345 648 1465 711 magua

340 725 560 807 exemplorum
593 726 687 809 copia
719 732 1004 791 commemorentur
1033 725 1185 790 Gothica:
1230 725 1367 787 nnbrrtlrr
1398 726 1467 792 iuu-

340 822 417 903 tilis,
440 822 576 904 unfuprs
597 823 750 904 ingratus,
774 822 925 885 unbrdr’cs
950 821 1102 905 impurus,
1125 821 1271 905 unkarja,
1295 843 1359 887 non
1380 823 1467 888 solli·

340 919 429 1000 citus,
453 921 508 998 al,
531 938 572 984 ex
593 926 659 983 ant.
678 920 754 984 dial.
772 920 878 985 Germ.
894 920 1055 982 arrodalr'sc
1077 919 1219 1001 degener
1240 920 1290 997 (ol.
1306 920 1464 983 orrodolltb

339 1017 503 1099 ignobilis)
533 1018 703 1101 capidorpi
721 1017 900 1098 improbus,
925 1016 1093 1098 onpobr'uri
1112 1017 1242 1099 ingens,
1271 1018 1377 1099 unlr'up
1401 1037 1465 1082 non

340 1120 527 1198 exoptatus,
565 1116 693 1176 unmdzt
722 1114 913 1193 immensus,
957 1116 1082 1176 arrmrtri
1114 1115 1258 1194 infamis,
1302 1113 1377 1194 alia,
1422 1132 1463 1179 ex

340 1210 425 1277 med.
455 1230 527 1277 aev.
563 1212 676 1294 lingua
708 1210 884 1293 unpeboere,
923 1214 1039 1292 anpdz,
1074 1211 1253 1293 onpelztua,
1286 1212 1464 1293 orrpemrwb,

340 1308 447 1391 unsrd,
470 1328 605 1390 unwoepe
627 1308 708 1390 alia,
738 1315 867 1374 nostrae
888 1308 1005 1374 aetatis
1026 1315 1100 1373 suut
1121 1308 1285 1390 nrrbiindr'p,
1316 1308 1464 1391 unblntr'p,

340 1406 465 1482 caedet,
489 1412 622 1482 unndts,
645 1404 808 1483 unsouber,
830 1407 906 1487 alia,
934 1407 1112 1488 Anglosax.
1136 1406 1259 1468 unbrrtd
1278 1427 1343 1471 non
1371 1407 1465 1487 latus,

339 1505 477 1568 uncloeae
506 1503 665 1585 impurus,
695 1501 848 1565 cnbdorbt
868 1525 934 1568 non
963 1504 1103 1583 lucidus,
1133 1508 1270 1585 caprena
1298 1524 1363 1568 non
1391 1503 1464 1567 viri·

340 1601 399 1680 dis,
423 1601 548 1683 casale,
565 1600 618 1679 al,
642 1619 683 1663 ex
701 1607 763 1665 vet.
780 1607 862 1683 sept.
886 1606 985 1682 dorpr
1000 1603 1191 1685 impavidus,
1215 1600 1331 1664 abactor
1346 1603 1462 1680 lentus,

338 1699 450 1782 dplodr
471 1697 578 1780 tristis,
602 1696 721 1760 oburdr
737 1697 828 1778 lenis,
853 1697 944 1761 drtlrr
959 1699 1129 1781 impotens,
1153 1700 1227 1764 alia.
1258 1699 1463 1780 Singulorum

338 1796 559 1879 exemplorum
583 1796 637 1876 qui
665 1813 777 1860 seusus
800 1795 857 1873 sit,
887 1814 928 1859 ex
956 1796 1026 1878 ipsa
1054 1798 1202 1863 versione
1227 1795 1462 1879 quodammodo

337 1893 488 1975 cognosci
511 1899 632 1974 potest,
662 1911 732 1956 cum
757 1910 796 1957 ea
818 1892 943 1957 Latinis
966 1892 1134 1974 adjectivis
1156 1895 1208 1959 vel
1232 1913 1302 1971 cum
1325 1914 1386 1955 non
1408 1911 1462 1957 ne-

334 1990 447 2072 gativo
477 1988 662 2070 compositis
694 1990 745 2053 vel
780 1989 978 2072 simplicibus
1012 1991 1238 2072 respondeant.
1283 1990 1463 2055 Substanti-
1556 2065 1561 2080 ⁸

332 2107 450 2152 vorum
480 2084 655 2169 praefixum
679 2106 720 2148 ao
749 2087 845 2151 etiam
875 2087 1028 2169 majorem
1058 2085 1300 2169 significationis
1327 2088 1463 2152 varieta-

332 2191 402 2251 tem
426 2182 522 2248 efficit
544 2189 576 2249 et
597 2202 726 2248 sensum
748 2183 877 2265 quidem
901 2184 1088 2265 plerumque
1110 2182 1282 2247 fortiorem.

423 2282 529 2362 Atque
544 2280 758 2363 antepositum
774 2281 958 2345 nominibus
980 2280 1145 2360 concretis,
1169 2280 1283 2362 quibus
1305 2280 1460 2361 homines,

331 2379 473 2459 bestiae,
502 2378 634 2461 plantae
656 2377 875 2460 designantur,
905 2398 946 2439 nn
968 2376 1127 2459 significat
1152 2377 1236 2459 quod
1259 2384 1394 2443 naturae
1416 2398 1463 2442 re-

329 2495 498 2561 pugnans,
520 2494 664 2558 pravum,
681 2477 800 2539 malum
817 2481 874 2553 est,
897 2476 943 2540 ita
957 2482 1073 2555 tamen,
1096 2480 1131 2538 ut
1146 2495 1210 2539 non
1226 2475 1374 2540 universe
1388 2495 1463 2540 con-

330 2573 438 2640 traria
451 2572 633 2637 indicentur
648 2572 918 2637 substantivorum
935 2572 1119 2637 notionibus
1134 2572 1192 2637 sed
1209 2579 1242 2636 ut
1259 2578 1347 2637 certa
1369 2592 1463 2653 quae-

331 2670 413 2736 dam
428 2669 561 2734 nomina
575 2669 608 2734 in
623 2670 744 2734 malurn
760 2675 925 2735 vertantur
939 2690 1077 2735 sensum.
1105 2669 1262 2751 Exempla
1277 2678 1351 2734 sunt
1367 2671 1462 2736 Goth.

331 2765 490 2831 unbultbu
519 2766 671 2845 daemon,
708 2767 883 2848 Anglosax.
917 2769 1008 2829 anain
1041 2766 1203 2844 inimicus,
1241 2774 1322 2848 sept.
1354 2768 1461 2833 Germ.

332 2866 430 2929 ocior
463 2862 625 2943 inimicus,
660 2868 772 2926 dcoettr
805 2862 957 2942 daemon,
997 2861 1100 2926 orbino
1135 2864 1221 2927 mala
1254 2882 1353 2944 gens,
1394 2871 1460 2929 ant.

332 2962 445 3028 Germ.
469 2960 585 3022 anarbo
608 2961 701 3026 heres
723 2961 858 3040 alienus,
882 2981 923 3026 ex
946 2960 1029 3025 med.
1052 2979 1123 3023 sev.
1146 2960 1225 3042 ling.
1248 2958 1355 3021 irradiet
1376 2962 1464 3025 mala

333 3078 426 3141 gens,
452 3058 562 3120 accolo
583 3056 678 3139 idem,
702 3062 804 3141 urrortp
828 3058 915 3121 mala
936 3056 1059 3134 mulier,
1088 3056 1170 3134 alia,
1193 3062 1303 3120 nostra
1329 3055 1462 3135 Unbold,

340 3155 503 3233 Uclaeraut,
531 3153 717 3232 Unmeascb,
751 3154 882 3216 Untbier
903 3155 979 3219 alia.
1023 3153 1114 3231 Quae
1136 3153 1281 3235 quamvis
1303 3152 1462 3235 simplicia

336 3252 518 3332 rideantur,
547 3272 612 3317 uon
640 3271 745 3335 panea
772 3258 880 3316 tamen
909 3251 1057 3317 licentius
1084 3251 1261 3333 composita
1289 3269 1360 3315 esse
1388 3270 1490 3316 con.

337 3350 449 3429 cedes,
478 3349 505 3414 si
534 3369 563 3412 v.
588 3368 613 3413 c.
644 3355 788 3413 nostrum
816 3347 960 3411 Unlrroct
986 3347 1266 3427 animadverteris,
1297 3347 1397 3429 quod,
1428 3356 1463 3414 ut

337 3456 419 3514 recte
441 3446 567 3511 Pottius
596 3452 717 3527 quaest.
742 3451 783 3509 et.
807 3446 839 3509 1²
862 3448 922 3511 387
947 3446 1102 3528 explicat,
1132 3464 1237 3527 neque
1265 3445 1311 3508 ita
1338 3451 1462 3510 contra-

338 3543 413 3607 rium
433 3542 586 3625 exprimit
607 3543 735 3623 herbae,
760 3548 794 3605 ut
816 3541 932 3632 situel
954 3542 1049 3607 arbor
1070 3544 1122 3607 vel
1147 3543 1231 3625 lapis
1254 3542 1306 3608 vel
1327 3544 1459 3626 animal,

338 3659 439 3723 neque
469 3639 572 3705 herba
600 3631 729 3704 omnino
758 3658 822 3703 non
845 3657 916 3703 esse
945 3639 1067 3721 dicitur,
1097 3640 1155 3705 sed
1183 3638 1269 3721 quod
1295 3649 1462 3722 assumpta

339 3754 391 3817 pro
424 3735 565 3802 libidine
601 3736 748 3802 utilitatis
783 3736 915 3801 notione
950 3737 1083 3801 herbam
1116 3736 1273 3818 signifieat
1304 3738 1460 3801 inutilem.

339 3835 511 3901 Abstraetis
535 3832 717 3898 nominibus
739 3834 956 3916 praepositum
978 3853 1028 3911 un,
1051 3834 1078 3898 si
1093 3833 1280 3898 Grimmium
1302 3833 1460 3911 audimus,

339 3928 419 3998 haud
439 3952 516 3998 raro
541 3930 669 4011 quidem
698 3930 885 4013 simpliciter
913 3930 1105 3996 contrarium
1127 3931 1249 3995 iudicat
1276 3930 1334 3995 sed
1363 3948 1462 4011 saepe

342 4029 430 4096 etiam
443 4035 502 4097 aut
518 4027 628 4093 lenius
642 4035 697 4093 aut
711 4027 831 4092 fortius.
856 4026 1067 4092 Conseruntur
1083 4026 1178 4091 Goth.
1194 4028 1308 4106 ocupa·
1320 4022 1460 4109 ἀφοβία,
