3575 5334
389 679 433 741 38
944 677 1047 731 Clemm

390 855 511 934 vimus,
540 851 573 915 in
601 856 649 915 tot
671 850 743 914 aliis
766 850 932 914 vocabulis
954 869 1142 915 censeamus
1164 848 1245 913 nihil
1267 850 1424 931 reliquum
1448 869 1517 915 esse

391 952 454 1016 nisi
476 970 574 1013 unum
597 947 696 1031 alpha
717 952 751 1009 ut
773 947 806 1010 in
829 943 987 1030 ἀ-γλαός,
1011 941 1211 1031 ἀ-σπερχής,
1239 943 1384 1024 ἀ-άατος
1406 948 1517 1013 simili-

390 1048 474 1114 bus?
519 1046 637 1111 Credat
658 1044 803 1109 Judaeus
825 1045 959 1128 Apella,
992 1066 1056 1109 non
1079 1065 1139 1127 ego
1170 1064 1230 1110 nec
1253 1064 1375 1110 mecum
1405 1045 1517 1127 opinor

388 1146 459 1210 alii.
504 1145 575 1209 Huc
596 1141 721 1207 accedit
749 1177 789 1185 -
819 1161 1013 1223 quamquam
1035 1144 1091 1207 vix
1112 1142 1286 1223 quidquam
1309 1142 1444 1207 accedat
1465 1162 1517 1206 ne·

392 1262 482 1309 cesse
515 1249 564 1306 cst
591 1276 633 1285 -—
662 1238 748 1320 quod
774 1238 973 1304 Sanscritum
1002 1240 1083 1304 illud
1116 1238 1290 1323 praefixum
1320 1241 1366 1301 ari
1394 1240 1518 1304 Graeca

391 1341 548 1424 particula
578 1337 628 1403 ’ἑτι
653 1337 696 1401 ad
725 1337 878 1402 amussim
907 1345 1067 1420 exaequat
1094 1337 1145 1410 (cl.
1168 1335 1295 1402 Curtius
1324 1340 1399 1421 207)
1428 1336 1517 1418 cnjus

392 1437 532 1503 dentalis
560 1436 655 1500 litera
683 1454 847 1516 uunquam
876 1434 910 1497 iu
941 1456 962 1499 σ
984 1441 1123 1499 mutatur
1150 1436 1203 1500 vel
1232 1434 1315 1499 adeo
1344 1434 1516 1500 evanescit.

393 1536 506 1616 Itaque
524 1552 567 1597 ne
581 1532 774 1597 novissimus
789 1530 918 1613 quidem
934 1532 1033 1613 alpha
1048 1531 1197 1598 intensivi
1220 1540 1385 1614 patronus,
1410 1551 1517 1613 quam·

391 1632 442 1696 vis
464 1630 622 1712 sagaciter
646 1628 747 1710 egerit
769 1648 915 1708 causam,
935 1628 1092 1710 judicium
1115 1629 1200 1711 vicit,
1224 1628 1349 1694 etiamsi
1373 1650 1439 1693 non
1465 1628 1517 1693 de·

389 1728 522 1793 fuerunt
543 1727 597 1808 qui
619 1746 689 1792 eum
708 1733 925 1808 sequerentur.
966 1726 1097 1792 Praeter
1113 1728 1328 1792 Dnentzerum
1352 1733 1383 1792 et
1399 1727 1518 1791 Auten-

392 1825 559 1906 riethium,
589 1844 721 1906 quorum
750 1826 875 1906 utrique
897 1842 981 1905 quae
1003 1823 1044 1887 dc
1071 1823 1206 1905 singulis
1232 1822 1413 1906 placuerint
1434 1823 1517 1888 infra

392 1940 635 2005 cognoscemus,
665 1919 831 1998 Quirinum
860 1920 932 1985 dico
959 1921 1109 1985 Esserum
1140 1922 1210 2002 qui,
1239 1926 1361 2003 quaest.
1387 1921 1516 2005 etymol

391 2020 540 2099 (Bonnae
579 2019 671 2093 1869)
709 2039 739 2101 p.
771 2022 811 2082 27
834 2038 903 2101 sqq.
936 2036 1001 2082 non
1039 2017 1133 2081 modo
1170 2018 1279 2082 omnia
1311 2017 1463 2100 exempla
1498 2038 1517 2082 a

389 2116 617 2199 Savelsbergio
643 2116 770 2199 prolata
797 2116 926 2198 repetiit
947 2114 1005 2180 sed
1036 2115 1137 2179 multa
1161 2114 1288 2179 addidit
1309 2115 1375 2180 alia
1404 2135 1475 2180 cum
1497 2138 1515 2199 q

390 2213 551 2279 intensive
575 2214 761 2296 composita.
806 2213 856 2277 Ab
879 2211 941 2276 hoc
963 2212 1047 2276 enim
1071 2211 1212 2294 praefixo
1236 2238 1255 2297 q
1285 2217 1355 2295 (pro
1378 2208 1467 2289 dor-l
1489 2212 1518 2278 ei

391 2310 536 2393 incipere
563 2311 714 2375 videntur
743 2305 920 2395 ἥ-πειρος,
950 2304 1103 2395 ἡ-βαιός,
1137 2305 1243 2394 ἥ-νωρ
1272 2309 1338 2374 alia
1368 2308 1518 2391 idemque

392 2409 556 2472 continere
585 2404 790 2493 εὐ-η-γενής,
814 2402 1031 2491 ἀπ-η-λεγής,
1061 2404 1277 2491 ἒπ-ή-βολος,
1300 2401 1532 2490 ὖπ-ή-βολος,-

390 2502 640 2591 ὃυς-ή-βολο-ς,
664 2500 938 2589 disy-persistas,
961 2502 1174 2589 du-q-rrridog
1189 2502 1317 2583 similia,
1340 2502 1518 2585 dequibus

390 2622 463 2665 cum
486 2600 542 2664 alii
564 2620 667 2683 nuper
681 2602 811 2683 saepius
826 2600 959 2681 egerint,
982 2607 1048 2664 tum
1070 2601 1140 2683 ipse
1155 2601 1232 2683 quid
1247 2601 1382 2666 sentiam
1406 2600 1516 2683 aperui

391 2699 427 2763 in
452 2696 537 2761 Curt.
561 2697 643 2762 stud.
668 2698 730 2762 VII
753 2701 790 2761 21
809 2717 877 2779 sqq.

480 2794 646 2873 Quaenam
663 2801 713 2860 est
726 2794 822 2877 igitur
836 2830 878 2840 —
893 2793 927 2858 id
941 2814 1111 2877 possumus
1125 2814 1197 2859 cum
1212 2794 1410 2860 Doederlino
1426 2813 1519 2876 qnae-

392 2910 465 2959 rore
501 2926 543 2937 -
581 2897 647 2956 tam
684 2894 801 2974 longae
838 2888 1064 2975 disputationis
1103 2912 1226 2959 summa
1262 2912 1358 2975 quam
1398 2892 1517 2957 brevis·

394 2989 500 3055 sima?
543 2988 593 3054 Ne
621 3009 692 3053 cum
723 2990 779 3053 illo
808 2990 1061 3073 respondeamus
1084 2990 1238 3072 majorem
1261 3000 1386 3075 partem
1409 3012 1517 3057 eorum

393 3086 637 3166 vocabulorum,
666 3086 699 3151 iu
723 3086 837 3169 quibus
865 3092 922 3152 aut
942 3087 1040 3169 vulgo
1065 3094 1121 3151 aut
1144 3089 1344 3169 quorundam
1368 3090 1519 3175 opinione

393 3184 493 3267 alpha
514 3191 706 3265 agnoscatur
724 3183 929 3264 intensivum,
952 3205 1082 3267 prorsus
1097 3185 1301 3251 eximendum
1317 3206 1398 3267 esse,
1421 3188 1519 3253 immo

394 3301 470 3346 vero
493 3282 559 3345 tale
581 3280 757 3363 praefixum
780 3281 909 3344 omnino
935 3281 1058 3345 nullum
1089 3289 1216 3347 exstare
1242 3284 1344 3348 libere
1372 3283 1520 3367 profitea-

395 3398 465 3442 mur
492 3379 673 3458 linguarum
700 3384 908 3459 cognatarum
936 3385 1023 3443 certa
1044 3380 1255 3445 similitudine
1283 3382 1392 3462 utique
1424 3380 1519 3447 desti·

394 3474 464 3538 tuti.
502 3472 568 3538 Sed
591 3480 626 3537 ut
649 3473 800 3537 damnum
823 3464 929 3537 statim
952 3474 1139 3557 reficiamus,
1162 3498 1280 3542 novum
1303 3498 1406 3560 genus
1428 3499 1519 3561 prae-

394 3570 529 3636 fixorum
551 3590 609 3652 pro
631 3570 759 3652 abjecto
780 3570 985 3652 inducamus,
1008 3573 1094 3653 quod
1115 3574 1282 3640 brevitatis
1303 3595 1402 3640 causa
1422 3575 1520 3643 liceat

395 3666 756 3751 praepositionale
794 3686 918 3733 vocare.
970 3668 1102 3735 Constat
1135 3672 1220 3736 enirn
1254 3674 1519 3756 praepositiones,

395 3766 423 3830 si
459 3784 531 3828 cum
566 3764 639 3828 aliis
675 3765 841 3830 vocabulis
881 3766 1132 3848 conjunguntur,
1176 3770 1383 3851 gravissimas
1419 3791 1519 3856 saepe

395 3863 588 3928 mutationes
628 3861 734 3925 subire
768 3869 799 3927 et
831 3863 877 3926 ita
909 3883 1138 3946 nonnunquam
1172 3866 1263 3948 quasi
1295 3869 1450 3950 truncari,
1486 3877 1520 3934 ut

396 3957 558 4040 quondam
582 3978 637 4024 eas
660 3959 819 4023 exstitisse
846 3979 943 4041 aegre
972 3962 1156 4044 perspicias.
1201 3962 1300 4044 Cujus
1321 3966 1451 4046 generis
1472 3986 1519 4032 re·

395 4057 553 4121 cautiores
583 4055 715 4137 linguae
747 4055 848 4118 multa
881 4059 1032 4140 exempla
1063 4058 1285 4142 suppeditant,
1320 4060 1378 4126 sed
1410 4082 1452 4128 ne
1485 4064 1518 4128 in

396 4152 536 4233 antiquis
568 4152 696 4234 quidem
730 4153 827 4235 plane
860 4151 984 4232 desunt,
1016 4175 1207 4238 quamquam
1236 4158 1336 4222 multo
1369 4160 1414 4224 ibi
1445 4166 1519 4227 sunt

395 4248 526 4314 rariora.
570 4251 769 4316 Exstiterunt
798 4267 876 4314 sane
899 4257 1009 4316 nostra
1030 4259 1137 4319 aetate
1159 4254 1211 4335 qui
1235 4255 1399 4323 mutilatas
1428 4277 1517 4340 prae-
