3575 5334
473 707 506 761 de
522 706 675 761 nominibus
694 703 853 759 suffixorum
870 711 927 758 ent·
946 712 973 759 et
990 705 1074 758 mino-
1092 719 1143 773 ope
1159 703 1292 759 formatis.
1388 695 1449 759 377

328 884 474 960 servato,
502 901 518 940 s
545 879 679 944 alteram
703 898 778 944 vero
801 878 975 944 seeundum
1004 877 1154 943 infinitivi
1180 899 1247 941 esse
1268 881 1451 962 analogiam

328 996 437 1045 errore
465 976 604 1058 quodam
631 977 754 1041 illatam
784 978 905 1053 esseffl).
950 977 988 1040 In
1017 996 1149 1058 quorum
1182 984 1290 1060 partes
1317 977 1453 1042 transire

330 1075 409 1139 mihi
439 1093 502 1138 non
530 1074 620 1138 libet.
664 1073 821 1155 Equidem
850 1074 984 1136 essentia
1012 1074 1188 1139 derivatum
1215 1093 1287 1140 esse
1314 1095 1355 1139 ex
1382 1075 1452 1157 ipso

329 1171 488 1237 infinitivo
510 1191 578 1233 ease
599 1190 731 1251 censeo,
761 1171 885 1253 legibus
907 1172 1067 1235 formandi
1087 1173 1185 1255 plane
1206 1172 1377 1254 neglectim
1407 1193 1454 1234 es-

328 1271 431 1333 sentia
453 1268 539 1334 enim
568 1267 647 1332 nihil
675 1268 764 1333 aliud
792 1276 842 1334 est
870 1289 966 1351 quam
988 1290 1034 1352 gr.
1059 1264 1156 1334 ninia
1177 1270 1211 1333 in
1233 1270 1374 1351 linguam
1398 1269 1453 1334 lat.

330 1368 536 1449 translatum,
560 1366 650 1447 quasi
673 1363 711 1429 τὸ
735 1358 834 1430 einer:
866 1366 999 1432 artioulo
1022 1388 1118 1449 quum
1141 1374 1286 1432 carerent
1307 1366 1454 1445 Romani,

331 1464 557 1531 terminatione
572 1462 631 1527 illa
646 1464 736 1536 ntia,
760 1484 823 1545 qua
838 1464 976 1529 formare
998 1466 1146 1530 solebant
1168 1466 1369 1530 substantiva
1384 1466 1455 1530 abs·

330 1569 449 1640 traete,
477 1579 518 1625 ex
538 1559 696 1624 infinitivo
718 1582 785 1623 eoae
806 1563 963 1627 substant.
987 1562 1198 1628 deduxerunt.

417 1659 589 1724 Nominum
618 1659 817 1741 propriorum
846 1660 907 1724 hoo
928 1659 1041 1726 suffixo
1063 1682 1084 1725 a
1105 1660 1282 1744 participiis
1307 1658 1455 1725 deduntu-

332 1778 400 1822 rum
425 1756 575 1838 exempla
598 1757 677 1821 haee
700 1761 789 1820 sunt:

417 1889 514 1935 muse.
537 1871 704 1933 Amantius
719 1874 873 1946 (amant-)‚
896 1869 1070 1951 Auqentino
1092 1874 1254 1953 (aupent-i,
1282 1868 1457 1934 Caluentius

333 1967 505 2044 (volvent),
537 1965 728 2042 Cluuentius,
763 1965 920 2029 Cluentius
948 1967 1137 2045 (*eluuent·‚
1169 1968 1287 2030 eluent-
1316 1968 1353 2032 ef.
1378 1989 1402 2034 s.
1426 1988 1456 2033 v.

332 2065 429 2128 elnae
444 2086 475 2147 p.
489 2068 549 2129 348
562 2069 676 2143 anui),
695 2063 893 2128 Constantius
905 2069 1094 2141 (constant),
1111 2065 1284 2127 Decentius
1298 2064 1455 2141 (decent-i,

334 2162 507 2225 Fauentina
518 2161 686 2245 (fauent-t,
698 2162 881 2245 Fulpentius
894 2161 1074 2245 (fulpent-),
1088 2163 1268 2238 Placentina
1282 2161 1456 2244 (placent),

335 2259 464 2325 Sentius
486 2263 603 2338 (sont),
633 2261 791 2322 Valentius
813 2259 963 2337 (ualent),
995 2259 1162 2323 Venantiuo
1184 2260 1393 2337 (uenant-)³⁰),

419 2357 527 2422 femin.
557 2358 693 2434 (urbium
722 2360 880 2433 nomina):
919 2358 1075 2419 Faventia
1108 2357 1275 2440 (sanent),
1309 2354 1459 2418 Fidentia

335 2455 466 2539 (sideni
479 2455 517 2518 ef.
532 2453 638 2537 sides,
653 2456 789 2531 Fidias),
814 2455 979 2517 Florentia
1002 2455 1175 2540 (flerent),
1198 2456 1363 2519 Placentia
1378 2457 1425 2540 {pl
1447 2492 1460 2504 ·

334 2549 615 2627 eent-),'P0llentia
630 2554 794 2637 (pollent),
811 2552 958 2615 Potentia
972 2556 1127 2636 (petent),
1151 2554 1292 2617 Valentia
1307 2554 1458 2632 (ualent),

334 2651 507 2735 Liquentia
525 2649 598 2713 fluv.
621 2651 786 2736 (liquent),
809 2650 945 2713 Aventia
966 2649 1280 2731 {intonaverit
1304 2652 1460 2715 Fauentia

336 2748 398 2814 deu
420 2752 582 2831 (pauent).

421 2846 566 2910 Latentis
589 2845 720 2927 originis
742 2852 814 2911 sunt
836 2847 933 2911 haee:

420 2958 620 3033 Hortentius,
650 2961 747 3041 vulgo
770 2960 969 3041 Hortensius,
999 2962 1101 3025 umbr.
1127 2960 1333 3024 Hurtentius:
1370 2960 1462 3026 Gors-

334 3077 415 3126 seno
438 3064 567 3123 auotore
589 3057 691 3135 (beitr.
715 3077 746 3140 p.
770 3060 832 3121 469
848 3067 930 3140 sqq.)
953 3077 973 3121 a
995 3058 1094 3140 stirpe
1116 3057 1254 3139 quadam
1277 3056 1463 3121 *hartmuo-

336 3162 372 3220 ut
399 3154 594 3219 Laurentius
623 3176 643 3219 a
671 3154 867 3228 Laurente,
903 3154 1085 3216 Buxentius
1113 3154 1202 3236 (adj.)
1235 3176 1256 3220 a
1282 3154 1461 3228 Eumenia,

337 3253 490 3316 Ferentia
517 3273 537 3316 a
564 3251 734 3326 Ferenta,
774 3250 956 3315 Consentia:
992 3251 1068 3316 urbs
1101 3250 1282 3327 (*eonsent·
1319 3251 1357 3316 uf.
1389 3271 1462 3315 een·

408 3500 441 3560 291
469 3499 528 3564 Sic,
555 3500 584 3553 ni
608 3498 696 3566 fallor,
722 3498 829 3554 Pottius
856 3499 909 3565 (W.
933 3498 969 3562 ΙΙ,
993 3502 1017 3563 2,
1042 3502 1114 3562 240):
1149 3500 1280 3558 „essentia
1301 3498 1351 3551 hat
1372 3513 1463 3565 wegen

337 3580 463 3636 falsehen
480 3580 658 3634 hinsohielens
676 3580 748 3635 nach
766 3580 825 3633 dem
842 3579 958 3633 infinitio
975 3583 1115 3642 (ιε-11111·
1133 3578 1257 3641 waraei,
1281 3594 1323 3631 -se
1338 3579 1463 3646 ganohn-

339 3662 394 3715 lich
411 3676 447 3715 zu
465 3676 508 3713 ·re
524 3661 683 3728 gewordene
701 3660 818 3729 endung)
837 3660 881 3714 ein
898 3676 912 3713 s
928 3676 963 3713 zu
981 3658 1040 3725 viel,
1058 3658 1185 3712 wthrend
1203 3674 1255 3711 nur
1273 3659 1330 3713 eins
1347 3659 1462 3713 berech-

338 3742 433 3810 tigung
450 3741 551 3795 hette.“

410 3822 443 3881 ³⁰)
465 3820 571 3876 Nomen
596 3820 735 3874 Terentius
756 3821 810 3875 huo
828 3835 883 3874 nou
901 3823 944 3874 est
959 3820 1141 3887 referendum
1164 3818 1274 3873 ducitur
1298 3818 1464 3873 1111111111-

339 3902 404 3956 bino
423 3907 528 3955 terena·
553 3902 633 3955 simili
654 3901 734 3954 modo
758 3915 791 3954 eo
814 3900 956 3955 quentius
978 3915 995 3953 a
1018 3900 1104 3969 stirpe
1122 3900 1262 3971 juventii,
1290 3898 1324 3952 ef.
1342 3900 1465 3954 Macrob.

341 3982 398 4035 Sat.
415 3981 452 4045 II,
474 3987 516 4035 14:
535 3999 592 4036 nux
611 3981 754 4035 Terentina
772 3980 878 4047 dieitur,
897 3995 967 4050 quae
983 3981 1023 4033 ita
1039 3981 1127 4035 mollis
1145 3984 1194 4045 est,
1212 3980 1304 4033 1111111
1321 3985 1466 4033 attrectato

340 4060 497 4130 frangatur;
524 4061 632 4131 deque
656 4063 683 4115 in
706 4063 774 4116 libro
797 4062 924 4117 Favorini
951 4061 991 4115 sio
1013 4061 1162 4129 reperitur:
1199 4059 1334 4129 „Itemque
1356 4060 1465 4129 quidam

343 4141 506 4196 Tarentinas
524 4157 586 4197 oves
604 4142 646 4196 vel
663 4157 747 4196 nucea
765 4142 869 4204 dieunt,
894 4156 964 4210 quae
985 4147 1049 4195 sunt
1067 4142 1216 4196 terentinae
1233 4156 1250 4195 a
1268 4148 1373 4207 terena,
1395 4142 1467 4210 quod

345 4228 387 4278 est
404 4222 566 4277 sabinorum
584 4222 675 4289 lingua
692 4223 785 4286 molle,
807 4222 890 4277 unde
909 4222 1082 4276 Terentius
1101 4236 1228 4290 quoque
1246 4220 1352 4276 dictos
1370 4226 1468 4291 putet

343 4302 453 4359 Varro
470 4303 505 4358 ud
522 4303 654 4357 Libonem
671 4304 780 4371 primo.“
