3575 5334
399 679 461 741 236
916 683 1004 737 Caucr

398 855 690 938 pronuntiationem
720 854 849 937 spiritus
870 854 994 937 asperi,
1024 875 1107 937 quae
1129 854 1285 937 paulatim
1307 857 1395 922 etin
1418 858 1524 924 Attica

399 953 485 1019 etin
508 952 622 1019 ceteris
644 952 791 1017 dialectis
812 952 1011 1032 invaluisset,
1039 954 1155 1017 iustam
1178 972 1310 1018 causam
1331 954 1441 1037 fuisse,
1470 976 1523 1021 cur

397 1051 527 1133 spiritus
550 1059 627 1115 nota
648 1050 852 1127 omitteretur,
876 1050 940 1114 iam
963 1049 1084 1114 dudum
1106 1050 1166 1114 viri
1188 1049 1273 1115 docti
1294 1051 1522 1118 intellexerunt
1560 1057 1565 1067 ‘

399 1148 449 1226 (cl.
466 1146 661 1229 Curtium,
686 1147 901 1229 Grundztge³
916 1168 947 1229 p.
965 1150 1026 1211 634
1041 1153 1134 1229 sqq.).
1163 1148 1252 1212 ouius
1267 1150 1449 1215 sententiae
1464 1150 1522 1216 hoc

398 1246 450 1310 vel
471 1245 685 1311 firmissimum
708 1252 930 1326 argumentum
953 1251 1016 1325 est,
1040 1244 1125 1326 quod
1145 1245 1180 1308 in
1201 1245 1336 1327 singulis
1357 1248 1522 1313 vocabulis

397 1363 462 1408 non
485 1342 599 1408 eadem
621 1344 701 1406 ratio
717 1349 766 1406 cst
782 1342 807 1402 Η
824 1342 937 1407 literae
958 1340 1164 1419 omittendae,
1188 1341 1245 1407 scd
1267 1344 1427 1426 nonnulla
1441 1355 1522 1425 sunt,

397 1441 430 1505 in
460 1440 575 1522 quibus
603 1439 703 1503 multo
731 1440 860 1522 saepius
889 1460 983 1521 quam
1013 1440 1046 1503 in
1075 1440 1190 1504 ceteris
1219 1446 1251 1504 ct
1278 1440 1343 1504 iam
1371 1441 1452 1507 inde
1480 1444 1520 1507 ab

397 1537 620 1619 antiquissima
642 1543 749 1601 aetate
770 1537 831 1602 hoc
852 1536 974 1618 vitium,
997 1538 1024 1602 si
1038 1535 1167 1618 quidem
1184 1536 1293 1600 vitium
1316 1536 1521 1605 iudicandum

398 1642 456 1715 est,
479 1634 653 1699 admissum
676 1633 726 1699 sit.
755 1633 937 1716 inquorum
960 1653 1093 1698 numero
1115 1634 1254 1698 maxime
1275 1640 1350 1699 sunt
1370 1636 1522 1702 articulus

397 1739 431 1796 et
453 1731 644 1814 pronomina
666 1730 919 1796 demonstrativa
933 1739 966 1797 ct
986 1732 1132 1797 relativa.
1162 1731 1392 1797 increscentem
1416 1742 1522 1799 autem

398 1830 526 1894 lonicae
555 1828 737 1893 literaturae
767 1849 857 1893 usum
887 1829 915 1893 si
944 1829 1014 1910 quis
1039 1829 1173 1893 multum
1196 1829 1337 1894 valuisse
1365 1837 1459 1912 putat
1481 1832 1522 1897 ad

398 1925 626 1991 removendam
656 1943 696 1989 ex
724 1924 955 1991 consuetudine
983 1925 1225 1991 Atheniensium
1255 1933 1364 1990 notam
1392 1929 1522 2010 spiritus

398 2023 520 2106 asperi,
550 2022 692 2088 conferat
713 2023 795 2087 inter
817 2042 852 2088 se
875 2024 1025 2104 exempla
1046 2022 1140 2089 huius
1161 2032 1258 2089 notae
1280 2022 1420 2090 omissae
1442 2032 1474 2090 et
1496 2026 1520 2086 Η

398 2122 510 2186 literae
532 2141 590 2204 pro
613 2145 632 2206 n
656 2120 790 2203 positae.
834 2120 913 2185 satis
935 2121 1020 2185 enim
1043 2140 1161 2203 pauca,
1192 2140 1274 2202 quac
1296 2128 1441 2204 exstant,
1462 2144 1523 2189 ex-

399 2219 507 2302 empla
529 2243 547 2303 η
572 2237 630 2301 per
653 2218 677 2277 Η
702 2219 839 2300 scriptae
861 2217 1051 2283 documento
1081 2224 1155 2283 sunt
1180 2218 1265 2282 hanc
1285 2238 1403 2283 novam
1427 2225 1459 2285 et
1480 2221 1521 2307 ab

398 2317 530 2381 Ionibus
562 2320 725 2397 receptam
757 2313 992 2379 distinctionem
1031 2339 1048 2399 n
1084 2321 1116 2380 et
1149 2339 1180 2379 ει
1212 2315 1372 2380 vocalium
1404 2317 1522 2381 nullius

399 2413 551 2479 momenti
580 2412 676 2477 luisse
706 2413 738 2476 in
768 2411 923 2476 mutanda
948 2411 1071 2476 ratione
1092 2410 1221 2494 spiritus
1243 2413 1350 2495 asperi
1371 2421 1427 2479 aut
1449 2415 1521 2479 scri-

398 2510 496 2577 bendi
517 2518 573 2575 aut
595 2529 659 2574 non
682 2507 852 2574 scribendi.

484 2608 560 2671 Post
583 2605 604 2665 Ρ
628 2606 753 2671 literam
776 2606 922 2689 spiritum
945 2625 1095 2689 asperum
1116 2606 1150 2670 in
1172 2606 1274 2672 titulis
1296 2606 1411 2671 Atticis
1434 2628 1521 2671 num·

399 2724 493 2786 quam
517 2704 667 2785 scriptum
691 2722 762 2768 esse
784 2704 862 2769 satis
889 2703 993 2768 habco
1016 2724 1278 2784 commemorare,
1308 2702 1383 2785 quia
1405 2702 1440 2766 in
1462 2704 1522 2767 hac

398 2821 433 2866 rc
463 2800 706 2866 Atheniensium
736 2821 812 2865 usus
841 2822 861 2865 a
889 2801 1013 2883 volgari
1041 2821 1100 2866 usu
1127 2808 1301 2866 ceterorum
1325 2800 1520 2865 Graecomm

362 2946 365 2951 -
399 2897 452 2975 (de
482 2917 542 2980 quo
572 2918 602 2962 v.
632 2897 744 2962 Grdz.3
767 2901 840 2971 413)
874 2918 938 2962 non
968 2898 1127 2963 abhorret.
1178 2917 1239 2963 nec
1266 2898 1402 2963 fortasse
1430 2898 1521 2962 aliter

398 3015 449 3060 res
478 3016 513 3062 se
542 2996 640 3060 habet
669 2994 702 3058 in
731 2994 956 3060 omittenda
985 2994 1156 3078 spiritus
1184 3001 1278 3060 nota
1307 3000 1400 3078 post
1427 3014 1520 3077 apo-

399 3092 606 3176 strophum
636 3092 736 3157 literis
760 3092 935 3175 explosivis
957 3091 1045 3157 duris
1067 3091 1239 3157 adnexam.
1282 3090 1340 3157 sed
1370 3091 1519 3173 quoniam

398 3197 466 3255 tota
488 3191 567 3255 haec
590 3190 734 3271 quaestio
761 3189 802 3254 de
830 3190 1038 3255 commissura
1064 3189 1291 3254 vocabulorum
1314 3187 1348 3253 in
1378 3190 1521 3254 oratione

397 3308 432 3353 se
455 3288 681 3370 excipientium
708 3287 805 3352 latius
827 3292 930 3369 patet,
960 3286 1110 3368 exempla
1131 3285 1345 3352 adscribenda
1367 3304 1440 3352 csse
1467 3307 1521 3369 pu·

398 3385 480 3465 tavi,
510 3403 527 3449 e
551 3385 665 3466 quibus
686 3391 857 3467 appareret
884 3390 957 3467 post
979 3383 1144 3475 elisionem
1167 3382 1382 3449 Athenienses
1405 3384 1431 3445 Η
1453 3383 1521 3449 lite·

398 3501 467 3545 ram
490 3501 555 3545 non
577 3481 750 3563 scripsisse.
799 3499 858 3546 nec
886 3488 961 3546 sunt
986 3481 1103 3545 multa:
1140 3477 1233 3566 ἀφῇς
1260 3480 1345 3561 svb,
1368 3493 1392 3543 9.
1430 3476 1519 3567 ἀφοῡ

399 3582 473 3659 Alc,
504 3591 528 3644 3.
577 3573 673 3663 ἁφῶν
704 3582 802 3659 3248,
829 3590 868 3641 34.
915 3572 1041 3662 cipando
1070 3583 1156 3659 64α,
1175 3589 1200 3641 9.
1248 3575 1341 3663 ἐφιῦν
1372 3579 1452 3657 319,
1486 3588 1520 3639 lt.

398 3673 551 3760 ἕφιεροῑς
576 3679 647 3757 533,
669 3687 693 3739 3.
737 3680 929 3741 -νθέκαστα
958 3675 1036 3755 5210,
1059 3687 1099 3738 21.
1138 3679 1338 3760 καθημέραν
1362 3676 1460 3755 3242,
1482 3685 1521 3737 tt.

397 3785 436 3837 35.
494 3773 639 3838 diversae
673 3774 807 3838 rationis
839 3772 1000 3838 scribendi
1033 3773 1155 3837 nullum
1190 3771 1374 3854 exemplum
1406 3771 1520 3855 reperi.

397 3889 502 3951 neque
538 3870 598 3934 hoo
635 3870 764 3935 difficile
800 3876 850 3935 est
886 3871 1058 3953 explicatu.
1115 3868 1388 3953 praepositionum
1426 3870 1519 3951 enim,

398 3967 512 4050 quibus
540 3968 648 4032 omnia
675 3969 733 4033 illa
759 3968 909 4050 exempla
938 3966 1132 4046 efficiuntur,
1161 3986 1233 4031 cum
1254 3967 1282 4032 is
1304 3985 1381 4031 usus
1403 3966 1461 4048 sit,
1488 3976 1523 4030 ut

397 4085 468 4130 cum
505 4066 686 4131 nominibus
729 4064 970 4146 insequentibus
1005 4063 1183 4129 arctissime
1219 4063 1456 4145 coniungantur
1491 4070 1523 4128 et

397 4170 558 4244 tamquam
580 4163 613 4228 in
637 4184 733 4228 unum
757 4163 956 4240 coalescant,
980 4169 1046 4225 tum
1069 4161 1101 4225 in
1124 4159 1386 4243 inscriptionibus
1408 4160 1522 4225 Atticis

398 4260 622 4325 vetustioribus
644 4267 677 4325 ct
704 4258 958 4342 praepositiones
981 4265 1013 4323 et
1034 4259 1119 4323 aliae
1147 4276 1243 4323 voces
1272 4257 1522 4340 praepositivae,
