3575 5334
642 698 674 752 de
691 698 806 755 dialecto
826 701 919 754 Attica
936 701 1092 755 vetustiore.
1126 700 1147 753 l.
1395 694 1456 755 265

328 877 464 954 utraque
497 870 694 952 aliquantum
726 870 766 936 de
794 872 827 936 vi
856 892 914 937 sua
941 872 1101 937 amiserat.
1146 892 1223 955 ergo
1257 898 1286 937 ει
1318 874 1390 954 illa,
1423 874 1458 937 in

331 990 427 1052 quam
451 968 594 1034 Euclidis
617 975 723 1034 aetate
746 975 810 1034 tres
832 970 943 1035 variae
964 976 1020 1033 aut
1041 970 1170 1035 vocales
1188 976 1243 1034 aut
1266 970 1457 1053 diphthongi

329 1068 534 1145 coaluerunt,
568 1084 673 1148 neque
705 1066 923 1149 diphthongus
951 1067 1025 1149 fuit,
1059 1074 1093 1131 ut
1121 1067 1314 1132 Dietrichius
1347 1068 1456 1147 voluit,

329 1184 436 1246 neque
464 1162 761 1245 monophthongus,
794 1171 828 1228 ut
857 1165 1073 1246 Brugmanus,
1106 1164 1164 1229 sed
1197 1185 1293 1230 sonus
1327 1163 1457 1246 quidam

329 1263 415 1326 inter
438 1262 594 1343 integram
619 1260 852 1343 diphthongum
875 1270 907 1327 et
929 1262 1105 1345 simplicem
1129 1263 1273 1327 vocalem
1296 1263 1329 1325 in
1353 1262 1457 1327 medio

330 1360 465 1443 positus.

418 1456 507 1520 Haec
530 1455 637 1536 habui,
661 1474 743 1537 quae
766 1456 807 1521 de
828 1463 945 1523 natura
967 1478 1138 1543 paucarum
1162 1457 1331 1531 vocalium,
1354 1456 1459 1538 qualis

329 1555 363 1618 in
395 1553 533 1617 dialecto
563 1552 670 1616 Attica
697 1573 797 1635 nsque
830 1554 872 1618 ad
902 1555 1045 1636 Euclidis
1073 1561 1212 1621 aetatem
1245 1555 1371 1635 luisset,
1406 1574 1459 1619 ex-

332 1670 498 1734 ponerem.
531 1649 727 1718 desiderabit
749 1651 885 1717 fortasse
908 1653 1024 1735 aliquis
1047 1653 1273 1717 accuratiorem
1297 1650 1459 1734 quandam

331 1750 431 1814 etiam
466 1747 509 1813 de'
539 1749 652 1815 ceteris
683 1748 848 1813 vocalibus
884 1757 917 1814 et
952 1750 1161 1833 diphthongis
1198 1750 1458 1832 disputationem.

332 1866 415 1932 quae
444 1852 552 1910 tamen
580 1846 729 1927 quoniam
757 1846 803 1909 ita
832 1855 1036 1928 comparatae
1064 1855 1153 1925 sunt,
1191 1855 1225 1911 ut
1254 1855 1309 1912 aut
1336 1847 1459 1911 nullam

333 1943 554 2022 difficultatem
576 1950 632 2007 aut
647 1963 718 2008 eam
741 1944 928 2025 praebeant,
952 1964 1035 2026 quae
1049 1944 1292 2026 inscriptionum
1308 1964 1369 2027 ope
1391 1944 1460 2008 tolli

332 2062 397 2105 non
427 2040 529 2123 possit
562 2041 634 2116 (hoc
663 2040 748 2105 enim
776 2040 808 2103 in
838 2063 856 2124 η
886 2047 919 2105 et
947 2064 976 2104 ει
1004 2042 1088 2106 inter
1117 2060 1152 2105 se
1180 2047 1318 2106 mutatas
1351 2041 1459 2122 cadit),

332 2139 414 2203 nihil
436 2137 502 2201 iam
531 2144 630 2202 restat
657 2136 717 2201 nisi
743 2143 778 2200 ut
801 2136 841 2201 de
863 2139 1082 2203 contractione
1104 2147 1136 2203 et
1157 2140 1238 2203 crasi
1261 2138 1365 2220 deque
1388 2138 1462 2203 aliis

333 2234 524 2317 quibusdam
547 2234 788 2315 mutationibus,
813 2254 895 2317 quae
918 2235 951 2297 in
973 2254 1128 2300 concursu
1150 2236 1346 2317 complurum
1368 2255 1461 2299 voca·

332 2333 412 2396 lium
435 2330 523 2415 fiunt,
546 2351 650 2415 pauca
671 2330 800 2396 addam.
845 2332 886 2396 ad
914 2333 994 2396 haec
1015 2332 1113 2414 igitur
1135 2334 1241 2397 statim
1263 2340 1401 2397 transeo.

335 2585 396 2650 ΠΙ.
431 2586 488 2651 De
510 2586 755 2668 complutum
778 2586 980 2678 vocalium
1004 2607 1045 2653 se
1068 2587 1358 2671 excipientium
1382 2607 1463 2669 rnu-

780 2683 1017 2751 tationibns.

422 2819 495 2885 Non
524 2819 625 2883 multa
653 2819 712 2883 sub
741 2819 802 2883 hoc
829 2819 922 2884 titulo
952 2821 1029 2884 mihi
1055 2820 1358 2905 comprehendenda
1379 2828 1463 2885 sunt.

336 2937 412 2982 nam
436 2936 519 2998 quae
534 2916 673 2981 maxime
691 2917 752 2980 huc
774 2916 945 2998 pertinent,
969 2920 1144 2982 contractio
1160 2926 1192 2984 et
1207 2918 1313 2999 erasis,
1337 2920 1369 2981 in
1392 2919 1464 3002 ipsa

338 3012 476 3079 dialecto
503 3013 610 3078 Attica
641 3013 686 3078 eis
716 3013 841 3095 legibus
870 3014 1126 3097 circumscriptae
1154 3022 1244 3093 sunt,
1278 3037 1357 3097 quas
1386 3024 1464 3081 tam-

338 3131 433 3193 quam
456 3110 549 3175 unice
571 3131 665 3176 veras
695 3118 726 3175 et
753 3110 853 3175 iustas
881 3130 964 3175 unus
986 3111 1119 3192 quisque
1140 3132 1161 3177 a
1182 3133 1282 3194 puero
1306 3112 1462 3178 didicerit.

338 3209 378 3274 de
403 3208 517 3291 quibus
539 3208 618 3273 nihil
642 3215 692 3272 est
719 3207 803 3290 quod
826 3208 886 3272 hoe
910 3208 979 3271 loco
1002 3207 1136 3288 addam,
1167 3208 1228 3272 nisi
1257 3209 1283 3272 si
1307 3227 1388 3289 quae
1411 3228 1464 3273 ex-

339 3308 449 3391 empla
464 3326 483 3369 a
499 3306 657 3370 communi
680 3304 911 3370 consuetudine
926 3304 1132 3390 abhorrentia
1153 3304 1185 3368 in
1205 3304 1464 3386 inscriptionibus

338 3403 565 3471 vetustioribus
588 3409 724 3468 exstant.

429 3507 457 3565 1.
502 3502 543 3565 llt
573 3499 897 3564 contractionem
926 3496 1054 3581 quidem
1088 3500 1245 3563 vocalium
1275 3504 1306 3562 et
1334 3498 1367 3561 in
1396 3499 1466 3563 stir-

338 3600 434 3682 pibus
470 3598 698 3662 vocabulorum
733 3603 764 3661 et
797 3597 829 3659 in
863 3596 1141 3661 terminationibus
1174 3596 1399 3661 declinationis
1431 3596 1463 3661 in

340 3696 449 3761 Attica
478 3694 615 3761 dialecto
644 3694 744 3757 multo
774 3693 971 3758 constantius
1000 3714 1095 3776 quam
1123 3693 1155 3758 in
1186 3694 1300 3759 ceteris
1322 3692 1388 3759 fieri
1411 3714 1465 3758 no-

338 3791 498 3859 tissimum
527 3799 584 3857 est.
629 3790 769 3855 maxime
797 3796 904 3854 autem
927 3792 981 3856 Ias
1008 3792 1050 3855 ab
1073 3790 1205 3855 Atthide
1234 3811 1272 3859 eo
1295 3791 1465 3875 discrepat,

339 3890 426 3975 quod
448 3891 627 3972 complures
650 3889 778 3952 vocales
801 3887 898 3952 duras
921 3906 956 3952 se
979 3889 1126 3972 excipere
1148 3890 1277 3973 patitur.
1312 3908 1467 3970 quaeren-
1515 3924 1516 3928 =

340 3990 415 4053 dun]
438 3989 628 4070 igiturest,
659 3996 742 4050 num·
765 3985 859 4049 huius
889 3984 1066 4067 patientiae
1094 3988 1250 4050 nonnulla
1274 3986 1410 4067 vestigia
1432 3987 1466 4050 in

339 4086 474 4152 Atthide
501 4083 675 4149 vetustiore
708 4080 922 4147 relictasint.
967 4089 998 4147 et
1031 4089 1160 4148 exstant
1192 4102 1313 4165 paucae
1345 4083 1466 4148 formae

340 4206 406 4258 uon
429 4190 613 4248 contractae
636 4179 790 4261 equibus
815 4177 1078 4264 Κλεομήδεος
1101 4183 1178 4259 dha,
1203 4192 1218 4240 5
1246 4180 1317 4244 sola
1339 4186 1402 4260 est,
1431 4180 1465 4244 in

341 4302 404 4365 qua
425 4266 530 4364 ipsius¹
556 4278 663 4360 stirpis
692 4276 805 4341 ultima
827 4278 948 4342 vocalis
971 4301 986 4341 ε
1009 4297 1079 4342 cum
1103 4299 1121 4339 o
1143 4276 1375 4342 terminationis
1401 4297 1467 4341 non
