3575 5334
429 673 469 735 94
945 675 1045 729 Clemm

428 846 513 933 quod
541 846 688 930 equidem
718 866 782 912 non
810 846 921 912 dubito
943 867 963 913 a
985 847 1093 914 radice
1114 848 1179 928 pot
1202 848 1339 930 (μολεῖν,
1367 847 1500 930 ἔμολον)
1521 856 1550 915 et

427 945 469 1011 ab
492 945 590 1030 alpha
613 944 794 1027 copulativo
816 951 971 1028 repetere.

513 1084 545 1157 9)
582 1075 754 1157 ἄπεδος.

427 1211 738 1308 Ηθεγοὶι.ἄπεδον·
770 1208 905 1296 ὁμαλόν,
936 1213 1108 1296 ἰσόπεδον,
1143 1215 1320 1284 ἐπίπεδον.
1364 1221 1435 1288 Hoc
1463 1242 1550 1288 voca·

427 1316 537 1382 bulum
566 1314 695 1397 saepius
724 1313 886 1378 invenitur
915 1312 1003 1397 apud
1032 1313 1151 1381 Herod.
1180 1316 1291 1397 1110,
1320 1317 1452 1400 Ixos,
1485 1322 1549 1399 10²,

303 1415 306 1422 '
426 1433 478 1497 ap.
508 1410 655 1495 Thucyd.
686 1410 748 1475 Vll
772 1413 863 1492 78,3
898 1430 1002 1493 neque
1033 1432 1054 1476 a
1086 1413 1314 1495 posterioribus
1346 1415 1550 1500 scriptoribus

427 1512 528 1577 abest.
586 1507 679 1587 Quod
716 1507 882 1573 Riemems
924 1508 1025 1591 alpha
1065 1507 1260 1575 intensivum
1297 1530 1370 1578 esse
1405 1512 1549 1594 credidit,

427 1606 643 1673 Doederlinus
678 1624 744 1669 non
780 1605 910 1670 omnino
945 1604 1151 1688 improbavit,
1188 1607 1374 1691 Kruegems
1409 1610 1549 1695 arripuit

427 1724 498 1769 cum
521 1723 654 1786 gramm.
678 1701 732 1767 Gr.
755 1701 772 1766 I
795 1705 866 1779 642,
893 1708 920 1782 1,
944 1706 962 1765 7
995 1703 1057 1767 duo
1086 1704 1308 1770 tantummodo
1337 1707 1435 1791 hujus
1462 1726 1550 1793 prae-

333 1799 334 1803 ’
427 1801 480 1866 fixi
504 1800 653 1884 exempla
673 1799 706 1864 in
730 1798 873 1882 pedestri
895 1800 1041 1865 oratione
1061 1801 1198 1867 inveniri
1221 1802 1351 1869 doceat:
1377 1800 1500 1893 ἀτενής
1521 1811 1550 1871 et

428 1896 568 1975 ἄπεδος.
611 1898 700 1962 Haec
721 1916 806 1961 vana
835 1904 908 1962 sunt
936 1898 1053 1963 omnia.
1098 1900 1182 1964 Nam
1204 1899 1304 1983 alpha
1331 1918 1403 1967 esse
1425 1902 1549 1985 copula·

428 1997 527 2061 tivum
556 2014 598 2061 ne
625 1992 830 2060 scholiastam
854 1995 982 2075 quidem
1005 1996 1047 2061 ad
1070 1996 1170 2062 Thuc.
1193 1997 1214 2062 l.
1236 1999 1258 2062 l.
1280 1997 1401 2081 fugisse
1427 1998 1549 2065 videtur

428 2115 487 2158 nec
509 2093 593 2158 male
615 2092 823 2157 Henuickeus
844 2092 1037 2158 vocabulum
1059 2100 1201 2160 nostrum
1224 2094 1407 2178 explicavit.
1448 2098 1477 2162 Ε
1499 2116 1548 2161 no·

426 2192 512 2257 tione
542 2190 627 2256 enim
656 2189 724 2254 sive
753 2188 989 2272 conjunctionis
1011 2189 1080 2255 sive
1108 2190 1240 2257 unitatis
1261 2190 1413 2257 facillime
1436 2191 1549 2275 signill-

426 2290 508 2356 catio
531 2288 600 2353 sive
622 2285 840 2353 similitudinis
862 2286 931 2351 sive
953 2287 1157 2369 aequalitatis
1179 2287 1314 2371 profluit,
1338 2291 1477 2372 quaein
1500 2310 1548 2356 vo

426 2387 549 2452 sabulis
565 2385 696 2451 Graecis
719 2383 863 2467 ejusdem
887 2382 1005 2451 radicis
1022 2404 1058 2445 aa
1080 2384 1219 2450 cernitur
1241 2387 1330 2451 velut
1353 2383 1434 2468 ἅμα,
1458 2382 1547 2470 ὁμοῦ,

427 2481 554 2567 ὁμοῖος.
600 2482 705 2560 Quare
727 2478 857 2556 ἄπεδος
885 2479 971 2546 idem
1001 2500 1071 2547 esse
1097 2489 1203 2565 potest
1225 2483 1310 2565 quod
1334 2481 1498 2561 ἷσδπεδος
1519 2489 1548 2551 el

425 2583 509 2649 inter
538 2578 702 2662 regiminis
730 2578 888 2643 voeabula
916 2579 1091 2663 composita
1112 2579 1160 2644 ita
1180 2581 1383 2647 referendum
1406 2587 1457 2647 est
1478 2589 1548 2647 ute

426 2681 532 2763 priore
553 2676 696 2742 membro
718 2695 783 2739 non
805 2675 928 2739 verbali
957 2678 1115 2758 posterius
1137 2678 1300 2743 nominale
1325 2678 1470 2761 pendere
1491 2686 1549 2745 sta-

426 2774 580 2842 tuendum
603 2773 653 2838 sit.
694 2773 744 2838 De
766 2771 884 2837 talibus
907 2774 1073 2840 vocabulis
1095 2776 1240 2841 Graecae
1262 2775 1393 2857 linguae
1414 2775 1548 2860 propriis

426 2892 529 2957 nuper
552 2869 687 2935 disserui
709 2869 742 2933 in
765 2866 851 2934 Ourt.
875 2868 966 2935 stud.
990 2870 1052 2937 l’lI
1074 2874 1124 2937 90.

511 2969 600 3034 Haec
622 2967 687 3033 fere
712 2972 785 3032 sunt
815 2967 980 3051 exempla,
1010 2968 1043 3033 in
1072 2968 1186 3052 quibus
1215 2969 1433 3053 copulativam
1464 2988 1548 3056 prae

426 3067 523 3134 fixum
545 3086 603 3151 pro
625 3064 785 3130 intensivo
809 3084 979 3148 perperam
1002 3066 1146 3132 habitum
1169 3074 1231 3149 est,
1255 3086 1314 3132 nec
1337 3065 1464 3140 minore
1480 3067 1550 3152 jure

426 3166 561 3235 similem
584 3183 713 3230 sensum
737 3160 832 3228 etiarn
856 3182 874 3228 e
896 3162 1009 3229 ceteris
1031 3163 1197 3230 vocabulis
1219 3163 1335 3230 elicere
1361 3163 1549 3247 potuissent,

426 3264 488 3340 nisi
511 3284 528 3329 e
550 3261 747 3345 singulorum
776 3258 1008 3343 significatione
1037 3261 1125 3343 origo
1153 3260 1287 3344 praefixi
1309 3260 1428 3327 clarius
1455 3281 1550 3346 appa·

427 3368 510 3427 reret
532 3378 626 3442 quam
649 3364 684 3422 ut
705 3379 725 3423 a
747 3364 833 3423 recta
854 3357 909 3423 via
930 3358 1129 3440 grammatici
1152 3358 1347 3423 aberrarent.
1385 3358 1550 3424 Nonnulla

426 3459 478 3523 vel
508 3457 541 3521 in
572 3455 687 3537 exiguo
715 3455 776 3519 hoc
805 3475 937 3521 numero
967 3455 1065 3520 dubia
1094 3474 1165 3521 esse
1193 3456 1417 3538 cognovimus,
1451 3462 1550 3522 uteo

426 3554 528 3637 magis
561 3552 715 3616 incertum
744 3552 785 3617 sit
814 3573 857 3618 an
886 3573 951 3617 non
978 3552 1051 3635 ipsa
1079 3572 1203 3634 quoque
1225 3552 1268 3617 ad
1295 3552 1395 3635 alpha
1423 3552 1551 3635 privati·

426 3672 501 3717 vum
523 3648 720 3733 pertineant,
750 3650 939 3730 quominus
961 3648 1157 3733 perditorum
1180 3650 1434 3716 testimoniorum
1457 3651 1551 3716 ratio

427 3767 500 3813 nem
523 3747 642 3813 habere
663 3747 747 3812 licet.

595 4000 649 4066 IV.
694 4001 837 4065 ALPHA
859 3999 1260 4067 PRAEPOSITIONALE
1282 3998 1373 4065 EST.

509 4154 684 4221 Rarissime
706 4154 738 4217 in
761 4153 886 4221 Graeca
914 4152 1025 4236 lingua
1051 4152 1306 4237 praepositiones
1333 4152 1380 4217 ita
1409 4154 1551 4220 mutilari

428 4256 462 4315 ut
493 4252 548 4316 vix
581 4271 623 4316 ex
651 4251 744 4317 unius
774 4252 922 4317 literulae
949 4251 1134 4317 tenuissimo
1167 4250 1303 4333 vestigio
1334 4259 1553 4333 agnoscantur
