3575 5334
426 691 487 751 290
944 690 1031 744 Cauer

425 867 458 931 in
482 885 537 932 eas
559 882 663 943 voces,
686 863 719 927 in
743 862 857 945 quibus
880 885 921 942 νμ
943 870 998 928 aut
1014 861 1051 925 vl
1066 880 1101 928 se
1124 861 1296 944 excipiant,
1320 881 1384 925 non
1409 859 1546 942 quadret.

426 964 495 1048 ipse
525 962 608 1027 enim
639 959 717 1025 talia
746 960 911 1041 exempla,
943 960 1101 1042 equibus
1130 979 1227 1023 unum
1257 958 1352 1024 affert
1381 962 1546 1037 συνμαχία,

426 1082 446 1126 a
476 1060 589 1126 ceteris
618 1064 766 1124 accurate
796 1055 950 1121 distinxit.
993 1058 1026 1122 in
1060 1077 1121 1140 quo
1155 1075 1347 1144 quamquam
1382 1062 1496 1138 arguto
1524 1063 1549 1120 et

426 1159 653 1239 circumspecto
682 1154 801 1219 iudicio
831 1174 907 1220 usus
940 1161 1004 1238 est,
1038 1161 1145 1221 tamen
1174 1173 1302 1234 vereor,
1337 1172 1378 1218 ne
1408 1152 1549 1218 subtilius

428 1275 522 1337 quam
551 1247 667 1319 rectius
697 1252 729 1316 in
757 1253 818 1317 hac
846 1271 880 1317 re
909 1259 1055 1319 versatus
1085 1252 1135 1317 sit.
1180 1250 1258 1315 mihi
1288 1249 1419 1332 quidem
1451 1276 1466 1313 ν
1498 1251 1549 1315 illa

427 1359 554 1435 praeter
581 1348 844 1416 consuetudinem
873 1350 993 1432 scripta
1016 1349 1138 1414 nullam
1161 1348 1259 1421 aliam
1281 1368 1413 1414 causam
1436 1349 1549 1414 habere

427 1447 554 1514 videtur
578 1447 639 1512 nisi
668 1446 907 1528 neglegentiam
937 1445 1097 1530 quandam
1126 1445 1354 1529 lapicidarum,
1390 1446 1445 1527 qui
1474 1447 1550 1511 hanc

428 1545 552 1610 literam
576 1544 730 1624 uasalem,
755 1542 873 1627 quippe
896 1563 978 1625 quae
1000 1545 1070 1609 sola
1086 1564 1105 1608 a
1121 1563 1266 1610 sermone
1290 1544 1416 1609 Graeco
1440 1542 1473 1606 in
1496 1540 1550 1606 fine

429 1641 653 1706 venabulorum
676 1639 818 1720 ferretur,
846 1642 942 1707 totius
964 1641 1091 1723 generis
1114 1642 1234 1706 nasalis
1256 1639 1446 1705 muneribus
1469 1640 1550 1721 iungi

429 1738 580 1803 facillime
604 1744 751 1822 poterant
775 1739 969 1805 existimare.

863 2074 1033 2152 CAPUT
1058 2077 1125 2151 IV.

430 2263 488 2327 DE
505 2260 747 2328 VOGALIBUS
764 2262 819 2326 ΕΤ
841 2259 1203 2327 CONSONANTIBUS
1218 2261 1265 2325 IN
1281 2258 1550 2329 COMMISSURA

611 2355 934 2423 VOCABULORUM
957 2359 1008 2424 SE
1031 2356 1382 2431 EXCIPIENTIBUS.

519 2515 545 2574 l.
589 2510 735 2591 Hiatum,
760 2510 941 2591 elisionem,
971 2534 987 2573 ν
1011 2511 1253 2593 paragogicam,
1283 2510 1552 2577 assimulationcm

404 2647 406 2651 ι
431 2608 673 2672 consonantium
696 2600 769 2672 non
784 2608 952 2673 seiunctim
974 2606 1159 2689 tractanda,
1189 2609 1247 2674 sed
1275 2608 1334 2673 hoc
1365 2629 1431 2673 uno
1456 2609 1553 2693 capite

431 2702 734 2786 comprehendenda
757 2705 876 2788 putavi,
902 2705 985 2786 quia,
1009 2724 1092 2787 quae
1107 2704 1147 2769 de
1170 2706 1217 2771 eis
1239 2706 1272 2770 in
1294 2705 1554 2790 inscriptionibus

431 2801 545 2866 Atticis
568 2800 710 2866 notanda
738 2809 826 2883 sunt,
862 2823 959 2867 unam
988 2822 1117 2868 causam
1147 2822 1346 2868 communem
1376 2803 1502 2870 habent
1527 2804 1552 2868 in

432 2896 662 2963 consuetudine
690 2900 830 2981 volgaris
858 2900 1014 2965 sermonis
1042 2899 1189 2982 positam.
1233 2920 1308 2965 nam
1332 2919 1404 2965 cum
1434 2902 1468 2966 in
1488 2902 1553 2983 ,ele-

392 3013 394 3018 ·
431 2995 577 3079 gantiorc
604 3014 723 3077 genere
753 2995 880 3062 dicendi
903 3016 942 3062 ea
964 2998 1017 3062 lex
1039 2996 1163 3073 valeat,
1194 3005 1228 3078 ut
1249 2997 1377 3079 singula
1400 2999 1553 3063 vocabula

432 3092 602 3175 diligenter
618 3092 769 3159 distincta
791 3094 1047 3178 pronuntientur,
1071 3093 1250 3160 cotidianus
1263 3114 1338 3160 usus
1354 3095 1440 3160 hanc
1455 3096 1552 3178 legen

431 3191 583 3257 siminus
606 3190 718 3255 tollere
741 3198 774 3255 at
796 3192 911 3256 saltem
926 3192 971 3256 ita
994 3190 1097 3257 lenire
1112 3193 1203 3275 solet,
1228 3198 1262 3255 ut
1285 3192 1454 3274 complura
1469 3212 1553 3258 voca·

431 3288 523 3368 bula,
554 3306 636 3368 quae
665 3287 800 3353 arctiore
829 3289 937 3369 aliquo
966 3288 1146 3355 sententiae
1175 3288 1303 3353 vinculo
1333 3288 1419 3354 inter
1446 3308 1484 3355 se
1512 3309 1553 3354 oo·

431 3383 601 3464 haereant,
632 3383 729 3448 etiam
758 3386 1019 3468 pronuntiatione
1042 3384 1147 3452 minus
1168 3386 1372 3469 interpuncta
1395 3387 1553 3453 continuet

433 3485 465 3544 et
493 3485 654 3561 tamquam
684 3501 747 3545 uno
776 3488 909 3548 accentu
938 3483 1159 3566 neglegentius
1188 3482 1450 3566 comprehendat.
1501 3485 1553 3549 hoc

432 3576 528 3657 igitur
557 3575 731 3643 tenendum
761 3587 824 3659 est,
856 3578 883 3644 si
915 3579 985 3660 quis
1014 3578 1055 3645 de
1084 3579 1145 3661 eis,
1179 3600 1261 3664 quae
1289 3580 1322 3644 in
1351 3583 1553 3648 commissura

432 3671 659 3737 vocabulorum
682 3696 702 3740 a
723 3675 871 3759 lapicidis
901 3682 978 3753 (non
1006 3676 1099 3741 aliter
1127 3685 1223 3760 atque
1252 3698 1271 3743 a
1296 3677 1456 3759 librariis,
1487 3699 1554 3761 quo·

432 3789 500 3833 rum
530 3770 738 3853 neglegentia
766 3773 799 3836 in
828 3772 888 3837 hoc
916 3792 1036 3856 genere
1064 3774 1229 3840 notissima
1256 3779 1315 3852 cst)
1345 3772 1442 3856 fiunt,
1475 3782 1553 3842 recte

432 3864 574 3932 iudicare
602 3868 698 3933 volet.
743 3889 817 3933 nam
847 3889 912 3934 non
942 3869 1053 3953 paucis
1079 3870 1157 3937 locis
1180 3872 1387 3955 neglegentia
1410 3873 1469 3939 illa
1492 3894 1553 3959 pro·

433 3963 601 4028 nuntiandi
626 3966 721 4029 etiam
743 3966 777 4030 in
800 3964 988 4048 scripturam
1010 3968 1152 4051 irrepsit,
1180 3975 1214 4032 ut
1236 3969 1261 4034 si
1286 3968 1552 4057 ἱερῶγχρημάτων

432 4060 595 4142 tamquam
619 4082 714 4126 unum
738 4064 927 4129 vocabulum
944 4065 1094 4148 scriptum
1114 4070 1172 4131 est.
1202 4066 1259 4131 sed
1275 4066 1401 4132 accedit
1423 4070 1551 4135 alterum

434 4157 473 4237 ci,
497 4158 582 4240 quod
604 4158 699 4223 modo
721 4158 908 4242 significavi,
932 4161 1166 4243 quodammodo
1188 4162 1391 4230 contrarium.
1422 4186 1552 4250 pronun·

432 4251 533 4317 tiandi
563 4254 647 4320 enim
664 4257 896 4339 neglegentiae
922 4258 1070 4343 opposita
1091 4266 1140 4326 est
1161 4260 1365 4343 neglegentia
1386 4261 1550 4339 scribendi,
