3575 5334
664 414 696 468 dc
714 414 830 470 dialecto
847 395 1002 469 herodotea.
1337 418 1404 479 163*

270 606 429 654 consonas
462 586 591 669 quidem
624 610 698 672 -εη,
733 558 809 671 0001
836 589 1019 674 vocales-p
1053 590 1291 671 pronuntiatum
1325 610 1405 658 esse

269 685 345 751 mibi
368 683 499 767 quidem
523 689 642 751 certum
664 684 791 750 videtur
814 686 936 761 esse.¹⁵)

678 856 699 933 ἓ
723 857 753 918 6.
798 878 833 918 00
859 877 916 919 eoo
940 878 988 918 sc.

353 990 455 1056 Nulla
477 989 607 1055 dialecti
629 989 823 1055 herodoteae
839 989 983 1071 quaestio
1006 996 1072 1053 tam
1094 989 1219 1056 lubrica
1239 997 1281 1070 et,
1305 1011 1404 1073 prae·-

268 1089 367 1172 cipue
382 1093 515 1171 propter
531 1085 752 1153 incredibilem
768 1087 913 1152 codicum
927 1086 1175 1169 fluctuationem,
1199 1094 1263 1152 tam
1287 1088 1396 1153 multis

267 1184 522 1252 dubitationibus
544 1184 685 1249 obnoxia
716 1189 845 1266 putatur
874 1181 967 1265 esse,
991 1203 1087 1265 quam
1116 1185 1252 1266 quaein
1277 1208 1312 1249 so
1336 1209 1399 1249 eov-

266 1290 322 1350 ant
344 1283 451 1348 soluto
472 1288 528 1346 aut
549 1280 585 1345 in
607 1305 643 1346 av
666 1288 788 1346 mutato
810 1289 964 1347 versatur.
1009 1283 1094 1346 Nam
1116 1290 1151 1347 ut
1173 1281 1213 1347 110
1236 1282 1403 1366 prioribus-

265 1380 460 1459 editoribns,
495 1397 575 1460 quos
603 1379 665 1443 hac
693 1379 734 1444 de
761 1399 796 1445 re
825 1379 903 1444 certi
932 1378 1008 1461 quid
1036 1400 1101 1444 non
1127 1380 1277 1445 statuisse
1298 1398 1400 1444 nemo·

265 1477 443 1557 mirabitur,
472 1481 608 1558 taceam,
640 1476 896 1558 Dindorlius,
926 1477 1109 1559 ceteroquin
1135 1476 1307 1559 analogiae
1329 1496 1401 1541 cer·-

263 1584 384 1659 taeque
411 1592 544 1639 normae
571 1573 744 1638 acerrimus
771 1574 998 1656 investigator,
1032 1574 1065 1638 in
1093 1574 1193 1656 prael.
1223 1595 1254 1657 p.
1277 1571 1395 1639 XXIX

261 1694 300 1739 se
324 1671 508 1737 haedere
531 1670 703 1753 desperare
725 1670 906 1752 confitetur,
936 1691 971 1736 se
999 1670 1033 1734 id
1062 1676 1188 1735 tantum
1211 1671 1398 1736 enistimare⁴

261 1770 361 1852 dicit,
391 1769 507 1846 ,Iones
535 1772 570 1831 ut
597 1767 694 1833 ferret
715 1768 810 1833 vivae
832 1768 920 1833 vocis
949 1774 1064 1832 natura
1085 1766 1128 1831 ad
1158 1768 1397 1834 contrahendas
1473 1816 1477 1824 .

260 1867 412 1951 syllabas
439 1883 535 1946 quam
571 1863 614 1929 ad
644 1864 888 1946 distinguendas
923 1863 1138 1946 proclivioris,
1173 1864 1206 1928 in
1235 1864 1395 1929 communi

258 1982 415 2031 sermone
442 1960 561 2025 formas
595 1962 670 2026 illas
699 1968 880 2026 contractas
909 1961 1016 2045 potius
1043 1980 1138 2042 quam
1167 1962 1288 2026 solutas
1322 1982 1395 2043 pro·

256 2062 443 2141 nuntiasse,
465 2058 640 2124 scribentes
663 2079 738 2124 vero
761 2059 843 2124 alios
865 2059 1002 2124 fortasse
1020 2058 1143 2123 solutas
1164 2057 1246 2123 alios
1270 2066 1395 2123 eontra·

256 2167 334 2224 ctas
364 2155 556 2240 praetulisse
578 2157 659 2221 alios
683 2156 821 2237 denique
841 2156 985 2237 utrisque
1016 2155 1195 2238 promiscue
1218 2174 1292 2220 usos
1322 2172 1393 2220 esse

254 2253 375 2336 itaque
390 2252 475 2320 hanc
490 2271 556 2318 rem
572 2272 744 2334 numquam
761 2252 804 2317 ad
824 2253 981 2335 liquidum
997 2253 1186 2336 perductum
1200 2250 1271 2316 iri.“
1301 2250 1394 2318 Bre-

253 2350 440 2431 dovius,
471 2349 525 2431 qui
553 2350 731 2415 accuratius
761 2349 802 2415 de
831 2369 870 2415 ea
898 2351 1115 2416 contractione
1140 2370 1205 2414 non
1234 2350 1392 2434 exposuit,

253 2447 353 2515 idem
379 2445 546 2529 judicasse
567 2447 694 2535 videtur
722 2446 761 2512 cf.
784 2467 815 2529 p.
839 2450 913 2511 256.
936 2450 1008 2513 281.
1032 2450 1104 2512 322.
1127 2450 1199 2513 323.
1224 2450 1296 2514 382.
1319 2451 1393 2514 391.
1482 2448 1486 2456 “

352 2544 445 2610 Unus
467 2543 697 2626 Abichtius,
722 2545 772 2609 cui
794 2544 873 2621 ,illa
894 2544 1054 2610 sententia
1076 2543 1239 2610 Herodoto
1261 2566 1392 2629 prorsus

251 2642 402 2726 indigna
416 2644 508 2706 esse“
530 2640 708 2723 videbatur,
732 2662 767 2707 se
782 2643 925 2725 regulam
941 2642 1154 2725 investigasse
1171 2648 1263 2725 putat
1285 2650 1394 2725 (quae-

251 2742 407 2807 stionum
436 2738 477 2805 de
511 2738 648 2805 dialecto
676 2738 853 2804 herodotea
881 2759 967 2823 spec.
996 2740 1088 2822 prim.
1121 2742 1225 2821 1859),
1260 2741 1345 2821 qnod
1374 2762 1392 2807 e

251 2838 413 2905 codicum
435 2836 559 2902 ratione
581 2837 706 2902 eluceat
727 2836 762 2900 in
785 2837 891 2902 verbis
914 2837 1084 2902 contractis
1107 2843 1181 2919 post
1202 2838 1332 2902 vocales
1355 2862 1392 2902 so

252 2935 423 3019 (quinque
465 2933 565 2997 verba
601 2939 675 2996 sunt
717 2929 844 3017 ἆγνοέω
883 2931 1082 3013 ὁιανοέομαι
1118 2936 1270 3016 θηέομαι
1306 2938 1392 2997 νοέω

249 3036 406 3108 ποιέω),
448 3035 522 3114 post
557 3047 715 3095 consonas
752 3052 788 3094 eo
826 3029 1066 3112 pronuntiatum
1102 3046 1174 3093 0000
1210 3029 1391 3112 omniaque,

249 3147 349 3214 qnae
387 3127 461 3193 huic
496 3145 628 3192 normae
664 3126 843 3207 obstarent,
881 3124 1037 3190 mutanda
1072 3144 1153 3191 esse.
1209 3124 1392 3192 Steinius

249 3245 338 3293 eum
368 3244 524 3291 canonem
553 3223 652 3289 nullis
674 3229 782 3288 tamen
805 3223 924 3289 additis
946 3223 1050 3289 causis
1076 3222 1206 3306 sprevit.
1251 3223 1293 3288 Et
1320 3245 1393 3307 pro·
1454 3308 1456 3313 Ι

247 3321 364 3391 100101
417 3322 564 3403 quamvis
606 3320 709 3405 primo
745 3320 945 3403 potissimum
981 3327 1114 3404 aspectu
1150 3318 1238 3382 baud
1282 3321 1393 3402 pauc-is

248 3438 380 3487 norma
402 3417 461 3483 illa
482 3420 611 3502 placere
633 3418 744 3501 possit,
766 3417 864 3484 valde
881 3438 1003 3498 vercor,
1026 3437 1068 3483 ne
1082 3415 1252 3481 Abichtius
1273 3417 1391 3482 nubem

248 3534 318 3598 pro
343 3516 471 3581 Iunone
492 3516 661 3599 amplexus
682 3516 732 3581 sit.
777 3515 882 3579 Primo
906 3515 1008 3597 enim,
1034 3513 1068 3578 id
1091 3513 1175 3596 quod
1203 3513 1304 3579 levius
1333 3521 1392 3597 est,

334 3685 368 3747 ¹⁶)
394 3678 519 3736 Eandem
536 3681 594 3736 fere
611 3681 771 3737 sententiam
789 3680 855 3744 fert,
880 3681 927 3748 qni
947 3684 1099 3749 postremus
1116 3678 1160 3732 his
1178 3678 1310 3733 derebus
1329 3680 1391 3746 egit,

251 3761 399 3818 Aenailins
414 3760 570 3830 Leopoldus
588 3762 708 3830 Spreer
725 3761 753 3814 in
770 3766 968 3829 programmate
984 3759 1116 3830 gymnasii
1133 3757 1304 3812 Stettinensis
1325 3763 1392 3811 1811

253 3842 385 3907 (Nioba
404 3842 428 3895 is
446 3841 555 3909 scripsit
568 3841 602 3895 de
614 3842 702 3895 verbis
715 3840 862 3895 contractis
876 3839 950 3908 apud
959 3839 1128 3895 Herodotum
1139 3838 1247 3892 brevem
1257 3852 1391 3892 commen·

255 3924 408 3983 Monam,
436 3936 518 3990 quas,
546 3937 606 3976 cum
628 3936 687 3975 mea
709 3921 863 3977 dissertatio
887 3921 945 3989 jam
970 3920 1043 3989 typis
1068 3918 1256 3985 mandabatur,
1284 3914 1392 3985 egregia

257 3998 360 4069 Steinii
379 4001 515 4056 carissimi
531 4000 714 4071 praeceptoris
733 4001 859 4057 comitate
875 4001 942 4054 mihi
957 4001 986 4054 in
1003 4014 1099 4053 manus
1117 3998 1197 4051 venit.

1133 4088 1162 4136 11
1171 4085 1186 4117 *
