3575 5334
340 686 405 748 372
840 687 987 744 Becbstein

338 861 511 946 adjectivis
538 859 571 924 in
599 861 750 923 -at-entus
782 860 1020 942 desinentibus,
1054 881 1137 944 quae
1169 862 1300 945 quidem
1328 865 1370 929 ab
1403 865 1460 929 illic

341 965 434 1026 erant
456 957 608 1040 profecta.

424 1057 541 1121 Postea
570 1075 665 1137 quum
689 1055 871 1138 hujusmodi
893 1055 1057 1137 adjectiva
1077 1077 1098 1121 a
1119 1056 1304 1123 nominibus
1326 1057 1461 1123 deminu-

340 1154 416 1221 tivis
450 1152 589 1218 derivari
624 1154 765 1220 solerent
799 1189 840 1198 -
875 1154 977 1218 solum
1006 1152 1123 1235 adject.
1154 1165 1302 1218 cruentas
1334 1156 1376 1221 ab
1408 1156 1460 1221 bac

339 1251 464 1317 ratione
487 1250 629 1315 alienum
653 1257 701 1315 est
724 1270 764 1316 ex
785 1250 884 1333 stirpe
906 1250 979 1333 ipsa
1000 1260 1102 1315 ortum
1132 1287 1173 1296 -
1202 1252 1333 1335 syllaba
1354 1253 1390 1315 at
1414 1254 1459 1326 (ot,

339 1349 374 1426 il)
403 1346 532 1432 proprie
559 1348 602 1413 ad
631 1347 862 1413 deminutivum
890 1348 1056 1429 pertinens
1076 1348 1123 1413 ita
1148 1368 1219 1412 cum
1242 1348 1357 1415 suffixo
1380 1358 1460 1411 -ento

339 1445 431 1527 quasi
460 1445 639 1527 coaluerat,
669 1452 704 1510 ut
730 1444 807 1510 inde
834 1464 952 1509 novum
976 1443 1137 1526 quoddam
1160 1444 1309 1510 suffixum
1332 1448 1461 1509 -alcntns

341 1545 499 1617 (-olcntas‚
523 1543 661 1615 -itentast
684 1542 842 1624 prodiisse
857 1540 1029 1606 videretur.
1060 1540 1158 1623 Cujus
1176 1542 1222 1607 rei
1237 1543 1340 1608 multa
1363 1563 1460 1609 exem·

341 1641 397 1722 pla
419 1639 527 1704 afferri
548 1647 698 1722 possunt3
720 1639 878 1704 nonnulla
899 1658 1149 1705 commemorare
1170 1640 1249 1705 satis
1271 1640 1388 1707 babeo.

424 1734 664 1817 Adjectivorum
693 1736 807 1801 suffixo
831 1746 862 1798 to
885 1756 906 1800 a
927 1737 1109 1802 nominibus
1131 1736 1349 1802 derivatorum
1372 1758 1459 1820 quum

337 1852 458 1914 magna
486 1832 579 1916 copia
607 1853 627 1898 a
657 1833 864 1899 substantivis
893 1832 1119 1899 declinationis
1146 1834 1179 1898 in
1209 1856 1229 1896 a
1259 1840 1291 1900 et
1320 1855 1355 1907 o,
1386 1853 1459 1917 quae

336 1929 468 2014 quidem
492 1950 532 1996 ex
554 1949 618 1994 una
640 1928 855 1995 declinatione
876 1929 910 1993 in
933 1952 952 1992 a
974 1931 1131 1996 sanserita
1153 1938 1243 1996 ortae
1265 1939 1349 2014 sunt,
1373 1932 1458 2015 origi-

338 2046 412 2092 nem
436 2026 578 2092 duxerit:

423 2126 638 2189 declinationis
659 2127 691 2187 in
714 2147 750 2187 a:
782 2125 849 2208 adj.
872 2126 999 2198 alu-tas,
1022 2135 1171 2197 arna-tas,
1185 2124 1360 2208 fama-tas,
1383 2148 1458 2211 acn-

337 2232 462 2293 rna-tas,
486 2222 651 2296 basto-tas,
675 2224 827 2299 lanu-tas,
851 2228 1041 2295 laureo-tas·

424 2321 525 2385 subet.
547 2330 763 2394 matrona-tas,
783 2320 1024 2404 parricida-tas,
1049 2311 1262 2404 lymphatam

423 2417 639 2480 declinationis
659 2420 692 2479 in
715 2438 751 2480 o:
787 2416 853 2499 adj.
877 2426 1067 2499 acoemetas,
1095 2426 1241 2494 auratas,
1264 2420 1455 2490 asennaa

334 2515 494 2597 palliatas,
518 2524 691 2588 rostratas,
713 2524 849 2598 saucias,
874 2514 1085 2585 nrnbilicutas,·

423 2612 522 2677 subet.
548 2613 713 2696 primatus,
741 2621 919 2685 summotas,
950 2613 1136 2695 eqncyiatas,
1167 2612 1381 2696 dicipulatus,
1408 2634 1458 2697 po·

338 2717 482 2770 tronatas
504 2714 567 2790 ott,

424 2805 545 2869 vocalis
568 2826 587 2867 o
609 2824 680 2869 cum
703 2815 735 2868 ta
758 2805 870 2871 suffixo
891 2807 939 2872 ita
960 2807 1092 2888 coaluit,
1121 2812 1157 2871 ut
1183 2806 1288 2872 forma
1311 2816 1379 2870 ato·
1401 2817 1458 2873 tan

338 2902 456 2968 usitata
477 2910 576 2983 esset,
607 2922 671 2984 qua
692 2903 824 2968 nomina
845 2924 866 2969 a
887 2904 1096 2970 substantivis
1121 2923 1186 2967 non
1209 2905 1315 2970 solum
1338 2906 1373 2970 in
1395 2926 1458 2971 con·

335 3019 466 3081 sonam,
490 3000 548 3065 sed
569 2999 667 3066 etiam
689 2999 724 3065 in
745 3020 765 3062 n
788 3006 820 3065 et
841 3021 859 3062 e
880 3002 1071 3067 exeuntibus
1092 3000 1289 3067 deriventur.

422 3098 583 3180 Exempla
605 3098 686 3162 baec
707 3104 797 3162 sunt:

422 3193 489 3278 adj.
512 3206 639 3258 aeratas
661 3202 767 3271 (nen-t,
791 3194 934 3258 dentatas
956 3195 1077 3274 (dent),
1092 3196 1285 3279 joederatus
1308 3197 1457 3279 (facien,

328 3291 483 3375 foedes-l,
1032 3351 1034 3354 .
1173 3319 1175 3322 ·

423 3390 523 3455 subet.
546 3390 724 3452 consalatas
745 3390 891 3466 (consul),
915 3391 1096 3453 carionctns
1118 3392 1275 3469 (oecion).

428 3485 460 3547 U
468 3486 590 3554 voealis
604 3492 660 3551 aut
675 3486 844 3552 retinetur:
868 3497 1016 3549 crocotas
1033 3493 1157 3567 (crea-l,
1181 3498 1328 3551 artaatas
1343 3494 1457 3568 (crta-l,

337 3592 501 3645 manactas
529 3587 674 3661 (mann-),
704 3590 761 3648 aut
792 3582 932 3665 ejicitur:
966 3585 1119 3666 enodatas
1140 3585 1296 3667 (arada),
1325 3596 1459 3649 sensatas

338 3685 475 3756 (sensa).
517 3679 671 3762 Stirpium
699 3679 733 3745 in
758 3702 776 3742 c
804 3681 988 3746 exeuntium
1014 3682 1096 3747 ratio
1117 3682 1295 3748 illustratur
1317 3685 1458 3752 vocibus:

338 3778 532 3839 caesariatus
554 3778 743 3858 (caesarie-l,
769 3779 926 3857 speciatas
947 3780 1139 3868 (specte-ff).

423 3874 534 3939 Altero
556 3874 626 3940 loeo
649 3883 809 3957 ponantur
836 3876 938 3941 verba
964 3876 1023 3940 illa
1049 3876 1083 3940 in
1112 3887 1245 3950 escere,
1282 3878 1323 3945 de
1351 3879 1459 3961 quibus

337 3970 461 4053 confer,
490 3990 574 4051 quae
596 3991 693 4055 supra
722 3979 765 4056 (p.
788 3976 848 4038 357
869 3980 929 4056 sq.)
958 3981 1032 4039 sunt
1056 3982 1243 4040 memorata.
1288 3976 1458 4043 Verborum

408 4204 440 4265 ²⁵t
458 4204 501 4257 De
517 4208 577 4259 tota
594 4205 646 4260 hac
659 4204 794 4261 formandi
807 4206 912 4261 ratione
925 4206 1130 4262 accuratissime
1145 4208 1334 4276 quaestionem
1347 4208 1457 4267 instituit

337 4282 463 4337 Bondelle
480 4283 509 4337 in
527 4285 752 4341 commentatione
769 4302 853 4356 supra
871 4292 1086 4342 commemorata.
