3575 5334
339 701 382 764 98
858 704 959 758 Clemm

339 877 496 944 satiabilis
518 875 604 959 qued
626 875 668 940 ad
691 874 831 940 radieem
854 898 898 938 ον
920 874 1081 951 „satia1·e“
1104 873 1248 940 revoeari
1270 875 1372 953 solet,
1395 893 1462 939 eum

339 981 448 1039 nestra
462 974 520 1038 illa
534 975 692 1039 voeabula
708 972 839 1037 Fielrius
856 973 876 1037 l.
893 973 915 1035 l.
931 991 952 1037 a
967 971 1077 1037 radies
1091 992 1160 1051 οοιι,
1176 975 1214 1033 vet
1229 971 1370 1049 „ferire“
1385 970 1462 1037 ‹leri-

338 1077 402 1137 vet.
447 1071 523 1136 Sine
554 1070 651 1136 dubio
681 1071 777 1135 etiam
801 1059 881 1145 ἀιος
904 1089 944 1135 ex
967 1066 1092 1145 ἀιστος
1120 1074 1317 1134 eontraetnm
1349 1076 1398 1133 est
1425 1067 1463 1133 de

337 1168 428 1251 enjus
450 1189 510 1235 usu
531 1167 570 1233 ef.
596 1169 807 1233 Buttmannus
832 1167 921 1233 lexil.
944 1167 960 1230 I
983 1170 1055 1230 230.

424 1326 454 1395 3)
490 1317 699 1405 ἀλαλητός

337 1457 646 1538 onomatopoetieum
690 1461 738 1520 est
774 1453 965 1519 vocabulum
1002 1473 1107 1536 neque
1148 1450 1348 1544 andiendus!
1368 1448 1461 1517 Orien

337 1553 440 1618 Theb.
463 1573 494 1634 p.
511 1557 572 1617 610
595 1552 649 1633 qui
670 1572 690 1616 a
715 1552 813 1615 verbo
835 1550 948 1615 λαλεῖν
971 1547 1061 1615 κατ’
1086 1548 1285 1616 ἐπίτασιν
1309 1549 1461 1632 originem

337 1650 407 1731 ejus
429 1649 566 1732 repetiit.

414 1806 455 1872 l)
493 1797 647 1877 ἀνεκάς

337 1936 479 2019 explieat
507 1935 605 2001 schel.
635 1935 677 2000 ad
706 1936 802 2001 Arist.
825 1936 920 2016 Vesp.
949 1936 986 1998 18
1015 1930 1153 2009 ἀνικάς·
1183 1929 1258 1999 ἀντὶ
1287 1941 1348 1999 τοῦ
1378 1932 1460 1999 ἀνω·

337 2030 442 2097 ιιάνο
466 2030 562 2108 ἑκάς·
590 2034 645 2097 καὶ
670 2029 720 2108 εἷς
736 2029 834 2115 ὕψος.
876 2033 968 2096 Nune
989 2050 1083 2096 nemo
1099 2030 1247 2096 dubitare
1264 2037 1373 2113 petest
1388 2032 1461 2113 quin

336 2149 407 2194 enm
436 2130 601 2196 venabulis
629 2125 693 2193 ἀνά
722 2138 754 2194 et
781 2125 850 2192 ἀνω
879 2130 1066 2209 eohaereat,
1100 2127 1158 2194 sed
1185 2128 1299 2193 incerti
1329 2130 1463 2195 haerent

334 2227 525 2309 interpretes
555 2235 658 2291 utrum
687 2226 897 2309 compositum
928 2226 969 2290 sit
994 2246 1037 2289 an
1066 2225 1212 2308 simplex.
1268 2225 1355 2290 Illud
1380 2226 1462 2292 Hen-

334 2323 479 2405 niekeus,
504 2325 563 2388 hoe
579 2324 791 2390 Doederlinns
813 2322 958 2388 defendit
980 2322 1030 2387 eui
1046 2341 1104 2387 nos
1120 2341 1246 2404 qunque
1259 2324 1462 2389 assentimur.

336 2422 419 2486 Nam
442 2440 546 2501 neque
569 2442 586 2486 e
608 2422 709 2485 ferma
731 2457 772 2467 -
794 2428 961 2486 accentum
984 2419 1107 2503 primae
1131 2420 1279 2503 syllabae
1301 2421 1462 2503 vituperat

335 2518 441 2601 Apoll.
458 2519 554 2600 Dyse.
571 2518 612 2583 de
627 2517 700 2582 adv.
720 2539 751 2600 p.
769 2521 829 2581 570
842 2553 884 2561 -
900 2536 1005 2598 neque
1021 2536 1060 2581 ex
1076 2536 1145 2596 usn,
1168 2535 1262 2597 quem
1278 2517 1461 2583 Boeekhius

334 2614 508 2678 illustravit
532 2613 575 2679 ad
598 2614 689 2678 Pind.
715 2614 764 2680 01.
788 2616 819 2678 ll
843 2619 893 2695 23,
924 2614 1028 2679 elucet
1057 2615 1247 2678 venabulum
1277 2632 1351 2680 esse
1380 2635 1460 2679 eom·

336 2711 473 2794 pesitum
502 2730 572 2774 eum
602 2711 755 2777 adverbio
781 2710 893 2786 ἑ-κάς,
922 2711 1019 2775 imme
1048 2730 1124 2775 vere
1153 2709 1249 2785 -κά-ς
1278 2712 1460 2777 terminatio

334 2814 472 2889 aogmata
493 2827 564 2873 esse
585 2807 711 2873 videtur
732 2809 949 2873 terminationi
972 2831 1074 2885 -κι-ς,
1098 2807 1139 2872 ‹le
1162 2828 1225 2888 qna
1245 2809 1295 2872 eff.
1319 2809 1459 2890 Fiekius,

336 2903 376 2968 de
405 2903 482 2968 unit.
512 2904 589 2986 ling.
618 2906 735 2987 Europ.
761 2909 819 2968 142
836 2925 883 2987 sq.
908 2913 939 2971 et
961 2905 1157 2986 Kisslingius
1185 2905 1218 2967 in
1243 2906 1350 2970 Kulrn.
1380 2907 1457 2971 diar.

335 3000 429 3065 XVll
445 3004 516 3067 215.
555 3000 811 3083 Comparandum
834 3011 883 3068 est
905 3004 1002 3069 etiam
1025 2995 1238 3087 ἀνδρα-κάς,
1262 3003 1349 3083 qnod
1372 3003 1458 3067 dnbi-

333 3104 381 3163 tat
404 3097 599 3180 Kisslingius
621 3118 664 3162 an
687 3105 721 3163 ut
749 3095 868 3176 ἀνεκάς
890 3120 948 3183 pro
978 3101 1072 3163 locat.
1096 3099 1176 3182 plur.
1199 3099 1385 3166 habendum
1409 3101 1456 3166 sit.

333 3195 470 3278 Reliqua
491 3203 565 3261 sunt
588 3194 649 3260 due
672 3197 831 3261 voeabula
854 3197 965 3280 paullo
989 3194 1176 3261 difficiliora.

420 3350 450 3419 5)
488 3342 665 3423 ἀκιδνός

331 3477 621 3641 ζιίοσεάθδγεεοοο
650 3482 727 3547 loeis
757 3483 880 3565 legitur.
928 3485 977 3549 De
1007 3483 1187 3568 Calypsone
1215 3485 1328 3551 Ulixes
1359 3510 1375 3550 ε
1399 3489 1454 3548 217

355 3596 412 3642 aee
457 3576 512 3640 ieit

376 3762 383 3775 .
407 3759 414 3776 .
439 3760 447 3776 .
472 3760 478 3775 .
503 3707 624 3776 οὕνεκα
647 3723 720 3777 σεῖο
743 3718 921 3797 περίφρων
945 3714 1163 3803 repellam

376 3803 467 3884 εἶδος
497 3804 751 3895 ἀκιδνοτέρη
785 3809 934 3894 μέγεθος
956 3809 988 3875 τ’
1014 3810 1151 3877 εἴσαντο
1175 3809 1333 3879 ἰδέσθαι·

330 3942 430 4009 sehol.
454 3944 488 4008 P.
512 3942 549 4022 Q.
579 3942 749 4025 ἐπιμελῶς
778 3942 816 4007 ιδ
840 3942 978 4010 ἀκιδνὸν
1001 3944 1060 4012 ἐπὶ
1082 3952 1142 4011 τοῦ
1170 3946 1256 4011 κατὰ
1286 3944 1381 4027 εἶδος
1411 3953 1455 4013 σι’-

328 4046 446 4126 θησιν.
469 4042 506 4105 V.
530 4039 639 4119 οἱμὲν
661 4041 923 4129 γλωσσογράφοι
946 4040 1190 4129 ἀσθενεστέρα,
1215 4044 1248 4109 οἱ
1265 4044 1302 4111 δὲ
1327 4044 1456 4112 εὐτελε-

330 4136 507 4222 στέρα,·ο1.
531 4140 591 4219 Ap.
616 4142 666 4220 20,
693 4144 740 4203 le.

373 4271 473 4332 3169
498 4265 598 4343 ἀλλος
619 4268 680 4349 μὲν
696 4266 759 4352 γάρ
775 4266 808 4333 τ’
827 4264 920 4347 εἶδος
942 4266 1225 4355 ἀκιδνότερος
1248 4271 1349 4339 πέλει
1372 4268 1455 4358 ἀνήρ
