3575 5334
566 688 598 743 de
616 689 729 746 dialecto
747 690 839 744 Attica
857 692 1011 745 vetustiore.
1046 692 1066 745 Ι.
1313 690 1375 752 267

251 855 392 940 adnepos
416 862 487 940 423,
510 872 534 923 5.
551 896 592 905 -
607 859 926 924 Teanumntoz
950 867 1225 943 exardescas
1248 870 1280 929 et
1295 867 1377 931 crasi
1481 887 1483 891 ·

250 958 296 1021 ita
324 957 443 1021 lactum
470 977 542 1024 esse
569 978 589 1023 a
612 959 815 1025 Weckleinio
843 968 981 1042 putatur.
1025 969 1156 1025 atvero
1180 983 1197 1022 o
1219 972 1259 1035 -ι-
1281 986 1302 1023 α
1323 964 1376 1029 vel

215 1117 220 1129 ,
251 1076 289 1118 ου
313 1064 354 1129 -t-
376 1077 398 1116 α
425 1054 514 1136 apud
536 1056 657 1123 Atticos
686 1058 805 1122 nonin
829 1083 855 1120 ω
877 1056 936 1123 sed
962 1058 995 1121 in
1018 1061 1039 1120 ᾶ
1063 1059 1254 1123 coalescunt.
1299 1080 1375 1140 ergo

249 1163 307 1218 aut
329 1152 361 1215 Ο
385 1153 479 1235 lapsu
508 1174 621 1220 manus
650 1176 708 1238 pro
730 1155 761 1216 Α
783 1156 902 1238 scripta
923 1165 979 1220 aut
1006 1156 1064 1217 τοῦ
1084 1148 1263 1236 ’palpator
1284 1157 1376 1223 intel-

250 1250 424 1333 legendum
448 1258 504 1315 aut
525 1250 556 1313 Α
581 1253 673 1317 litera
695 1253 902 1335 neglegentia
923 1251 1085 1336 lapicidae
1107 1273 1236 1336 prorsus
1258 1256 1376 1320 omissa

249 1368 322 1414 esse
351 1341 497 1431 putanda
525 1357 582 1415 est.
627 1371 645 1415 e
674 1351 788 1433 quibus
821 1351 949 1415 tertium
983 1350 1049 1415 veri
1078 1350 1274 1414 simillimum
1304 1370 1376 1417 esse

248 1446 329 1509 mihi
352 1445 488 1526 videtur,
517 1448 698 1528 quietalis,
729 1448 833 1529 qualis
854 1448 887 1511 in
910 1449 969 1510 τοῦ
989 1440 1167 1528 ’γάλμαεος
1190 1457 1289 1528 esset,
1319 1448 1375 1513 eli·

248 1543 350 1608 sionis
373 1544 496 1608 nullum
519 1546 701 1627 exemplum
725 1564 765 1609 ex
794 1545 894 1609 titulis
917 1545 1031 1610 Atticis
1053 1545 1169 1610 afferre
1191 1565 1318 1627 possum
1343 1554 1374 1611 et

247 1642 325 1721 quia
354 1659 372 1706 e
400 1640 500 1708 literis
530 1640 626 1704 ΑΛΑ
657 1662 692 1707 se
726 1643 960 1724 excipientibus
992 1662 1057 1706 una
1088 1642 1189 1706 omitti
1221 1635 1374 1710 facillime

248 1745 385 1820 poterat.

336 1839 365 1899 2.
410 1836 583 1919 Aliquanto
612 1836 756 1920 pluribus
778 1837 886 1901 verbis
908 1857 1003 1918 quam
1034 1836 1074 1902 de
1103 1836 1320 1902 contractione
1342 1845 1375 1903 et

247 1934 330 1999 crasi
359 1933 520 2015 agendum
553 1943 601 2001 est
631 1934 671 2001 de
699 1935 1002 2000 constrictione
1030 1935 1371 2017 diphthongorum

247 2033 281 2096 in
305 2056 318 2094 ι
341 2032 535 2096 exeuntium.
581 2032 650 2097 dico
673 2040 779 2097 autem
804 2032 1061 2096 constrictionem
1085 2051 1155 2095 eam
1178 2032 1303 2097 illarum
1327 2032 1374 2095 di·

247 2128 484 2212 phthongorum
506 2131 748 2213 correptionem,
772 2149 855 2213 quae
870 2134 947 2192 ante
962 2128 1089 2192 vocales
1105 2128 1149 2192 ita
1164 2127 1206 2210 fit,
1231 2138 1265 2193 ut
1288 2129 1373 2211 prior
1418 2132 1421 2139 '

246 2228 370 2293 vocalis
404 2226 595 2309 diphthongi
632 2228 782 2306 alicuius,
818 2226 1003 2309 quaesere
1035 2244 1162 2307 semper
1198 2224 1277 2292 dura
1314 2234 1371 2305 est,

247 2325 373 2389 mollita
405 2322 640 2405 quodammodo
673 2333 704 2390 ct
732 2326 868 2389 dilatata
900 2343 958 2411 per
986 2322 1168 2386 adiunctam
1203 2329 1234 2388 et
1267 2342 1372 2406 paene

245 2422 424 2487 admixtam
455 2445 476 2501 ι,
511 2423 594 2486 hanc
622 2421 768 2486 latiorem
805 2429 836 2487 et
869 2422 1046 2485 molliorem
1079 2421 1371 2503 pronuntiationem

245 2521 373 2585 emittat
406 2526 438 2584 et
470 2518 535 2583 suis
568 2519 766 2603 primigeniis
797 2519 912 2585 finibus
944 2539 1053 2583 rursus
1085 2517 1371 2600 constringatur.¹⁷)

245 2753 289 2808 Ol.
307 2759 351 2818 94,
370 2759 384 2808 2
412 2760 538 2809 exaratas
560 2755 692 2809 adhibuit.
729 2753 832 2808 accedit
854 2759 953 2819 autem,
981 2752 1053 2821 quod
1080 2753 1132 2807 hoc
1158 2753 1220 2807 loco
1242 2751 1371 2820 exemplis

244 2835 301 2891 suis
320 2835 436 2889 ducrum
452 2836 591 2891 titulorum
609 2850 733 2890 numeros
752 2835 882 2900 adiunxit,
901 2851 1014 2903 quorum
1031 2835 1102 2888 alter
1118 2834 1158 2897 (C.
1175 2834 1192 2887 i.
1213 2833 1258 2889 Gr.
1273 2838 1299 2897 4)
1317 2848 1372 2886 non

245 2921 288 2969 est
305 2915 424 2982 Atticus,
442 2917 511 2970 alter
529 2916 567 2983 (C.
586 2918 603 2970 i.
622 2916 669 2969 Gr.
688 2921 719 2969 75
738 2943 771 2961 =
789 2916 819 2969 0.
838 2916 854 2969 i.
868 2918 907 2969 Α.
927 2920 970 2981 38)
988 2932 1042 2970 nou
1060 2915 1142 2969 habet
1161 2912 1270 2967 τᾶλλα.-

318 2998 348 3061 ¹⁷)
375 2997 454 3051 aliter
475 3002 557 3066 atque
579 3013 628 3066 ego
651 2996 684 3050 de
710 2997 761 3051 hac
786 3012 816 3051 re
837 2996 940 3051 iudicat
963 2996 1149 3059 Hartelius‚
1177 2993 1369 3056 „Homerische

244 3075 376 3130 Studien“
399 3076 447 3139 111,
472 3083 566 3146 lbsqq.
602 3081 682 3146 putat
699 3078 769 3131 enim
787 3077 1013 3145 diphthongorum
1033 3095 1069 3133 αι,
1091 3094 1126 3132 or,
1147 3092 1169 3125 ει
1193 3074 1371 3141 posteriorem

244 3157 367 3212 vocalem
383 3158 499 3227 primum
517 3158 545 3211 in
557 3159 575 3229 j
592 3164 723 3212 mutatam
741 3173 809 3219 esse,
828 3156 925 3210 deinde
937 3156 966 3209 in
982 3155 1118 3210 nonnullis
1136 3153 1274 3208 vocabulis
1292 3168 1369 3220 pror-

244 3252 292 3291 sus
310 3238 460 3302 evanuisse,
479 3240 555 3292 cuius
573 3239 611 3292 rei
627 3238 654 3292 id
672 3238 857 3305 gravissimum
871 3241 1057 3303 argumentum
1068 3234 1111 3299 sit,
1129 3233 1201 3301 quod
1214 3248 1269 3286 non
1282 3233 1369 3285 solum

243 3317 319 3387 apud
337 3318 495 3383 Homerum,
521 3318 568 3373 sed
586 3321 665 3373 etiam
683 3319 756 3387 apud
773 3318 936 3386 posteriores
954 3324 1047 3384 poetas
1072 3333 1110 3372 αι,
1131 3332 1166 3371 οι,
1187 3331 1210 3364 ει
1233 3328 1288 3366 non
1306 3327 1368 3365 raro

243 3399 410 3463 scribantur,
434 3400 481 3453 ubi
498 3400 602 3468 syllaba
618 3400 706 3454 brevis
724 3398 768 3461 sit,
792 3397 868 3451 utin
886 3400 1020 3458 ποιηταῖς,
1047 3395 1170 3450 δείλαιος.
1205 3400 1233 3448 at
1250 3393 1368 3462 primum

242 3478 388 3533 verisimile
404 3496 460 3533 non
477 3486 519 3533 est
536 3480 655 3534 eiusdem
672 3480 721 3544 rei,
742 3478 969 3547 diphthongorum
986 3476 1090 3531 scilicet
1106 3477 1133 3528 in
1151 3476 1245 3529 breves
1263 3475 1369 3528 vocales

243 3566 437 3628 comptarum,
462 3559 553 3614 eadem
572 3567 660 3614 aetate
678 3560 797 3615 diversas
815 3559 900 3612 fuisse
918 3573 1030 3617 causas:
1059 3572 1121 3610 nam
1139 3556 1167 3609 in
1184 3560 1270 3614 ποεῖν,
1296 3554 1369 3623 quod

242 3639 279 3693 sit
297 3639 327 3692 in
344 3638 579 3707 inscriptionibus,
597 3641 736 3695 Hartelius
755 3661 768 3689 o
787 3640 988 3708 pronuntiatam
1007 3652 1066 3691 esse
1083 3629 1175 3705 putat,
1197 3637 1224 3689 in
1242 3639 1369 3698 ποιηταῖς

243 3720 326 3773 Arist.
345 3734 405 3787 equ.
424 3725 472 3774 583
491 3723 529 3791 oj.
548 3720 642 3775 deinde
661 3728 708 3775 aut
725 3721 834 3774 Homeri
852 3726 900 3773 aut
912 3727 1052 3788 poetarum
1070 3719 1238 3772 scenicorum
1253 3722 1368 3770 aetates

241 3801 365 3855 vocalem
386 3803 438 3855 vim
461 3802 588 3856 hahuisse
612 3803 640 3856 in
658 3803 678 3871 j
699 3802 846 3869 spirantem
870 3799 1029 3854 transeundi
1051 3799 1132 3853 nullis
1154 3798 1214 3852 aliis
1240 3796 1368 3864 exemplis

241 3881 382 3936 Hartelius
400 3882 533 3949 probavit.
567 3898 629 3935 narn
648 3897 717 3950 quae
735 3899 760 3951 p.
774 3886 803 3935 18
820 3881 907 3948 affert,
925 3897 957 3934 ea
975 3880 1040 3933 satis
1058 3879 1156 3933 diversi
1173 3882 1238 3931 sunt
1253 3876 1368 3945 generis,

242 3961 266 4015 si
283 3961 393 4029 quidem
411 3980 420 4013 ι
437 3967 500 4031 post
518 3971 697 4018 consonantes
716 3962 792 4017 utin
810 3962 935 4030 καρδίας,
959 3957 1091 4029 ἐγχώριος
1114 3972 1200 4028 paene
1216 3958 1244 4011 in
1262 3956 1368 4024 spiran-

241 4046 296 4095 tem
314 4042 451 4096 attenuari
473 4044 624 4112 posteriore
649 4047 738 4097 aetate
762 4044 846 4097 multo
863 4042 971 4096 facilius
989 4044 1096 4108 poterat
1113 4054 1193 4106 quam
1209 4038 1281 4091 inter
1298 4037 1366 4091 duas

241 4124 359 4188 vocales,
379 4138 493 4191 quarum
508 4140 568 4177 cum
586 4125 676 4192 priore
691 4124 836 4177 coniuncta
852 4122 1049 4190 diphthongum
1064 4119 1207 4173 efficiebat.
1229 4122 1366 4185 postremo

240 4201 269 4255 in
287 4203 424 4271 plerisque
441 4219 535 4258 eorum
552 4205 754 4266 vocabulorum,
773 4204 801 4255 in
815 4203 912 4270 quibus
927 4200 1114 4270 antiquissima
1128 4204 1216 4252 aetate
1228 4200 1247 4268 j
1261 4198 1366 4265 spiran-

240 4286 295 4335 tem
312 4283 385 4337 inter
402 4284 509 4338 vocales
532 4285 673 4338 evanuisse
690 4284 761 4338 ratio
780 4283 956 4353 etymologica
973 4287 1000 4336 et
1020 4282 1173 4349 linguarum
1191 4283 1368 4348 cognatarum
