3575 5334
545 700 578 754 do
595 679 711 754 dialecto
729 702 820 754 Attica
836 702 991 756 vetustiore.
1027 701 1062 755 Π.
1301 696 1365 760 425

210 829 212 833 ¹
243 873 294 951 (ci.
317 873 356 937 K.
381 872 431 937 W.
454 872 600 954 Krueger
621 873 651 953 l,
676 876 731 953 51,
756 884 794 936 10.
839 829 992 938 Kuelrner
1014 873 1062 952 ΙΙ,
1084 895 1116 956 p.
1139 878 1201 937 912
1217 883 1287 958 sq.).
1330 875 1364 939 in

243 970 345 1036 titulis
367 968 481 1035 Atticis
502 969 729 1035 vetustioribus
757 968 837 1033 haec
866 967 968 1035 habes
998 971 1162 1054 exempla:
1191 963 1237 1034 ὧν
1259 994 1364 1054 παρε-

243 1064 388 1150 λάβομεν
407 1070 466 1131 184
474 1067 511 1147 Α,
526 1078 551 1131 4.
566 1078 590 1131 5.
625 1063 659 1129 ίκ
673 1067 739 1130 τῶν
756 1062 913 1130 ἐπετείων
929 1052 973 1129 ὧν
990 1062 1224 1153 [ξυνελέξαμεν]
1240 1068 1284 1133 ib.
1298 1079 1323 1133 6.
1339 1080 1362 1132 t.

243 1161 279 1228 ἐκ
301 1164 360 1228 τοῦ
383 1162 534 1227 ἐπετείου
551 1150 590 1226 οὗ
606 1156 701 1228 αίτυὶ
723 1160 932 1240 ξυνελίξαμεν
952 1164 1010 1227 185
1020 1164 1058 1243 Α,
1074 1175 1112 1227 21.
1129 1178 1169 1229 tt.
1184 1176 1223 1229 61).
1261 1187 1364 1246 προς-

243 1255 410 1341 ἆπέδυμεν
432 1259 519 1342 πρὸς
542 1247 568 1343 ᾧ
590 1258 752 1342 πρότερον
776 1252 840 1340 εἶχε
863 1266 959 1344 324υ,
982 1277 1010 1325 11
1026 1283 1073 1345 sq.
1101 1257 1103 1261 ¹

328 1375 357 1436 3.
391 1370 586 1452 singularem
627 1371 826 1437 rationem
866 1371 956 1438 dies
988 1371 1226 1437 numerandi
1261 1370 1362 1438 habes

242 1472 315 1548 273,
338 1487 369 1531 a.
392 1468 412 1530 b
441 1467 474 1531 in
496 1467 608 1532 tabula
628 1467 825 1549 logistarum‚
849 1469 882 1533 in
907 1489 970 1552 qua
992 1471 1133 1535 rationes
1154 1468 1360 1551 pecuniarum

243 1585 284 1631 ex
301 1564 433 1629 aerariis
457 1563 587 1629 deorum
607 1564 642 1628 in
665 1585 756 1629 nsum
779 1566 856 1631 belli
873 1565 1137 1650 Peloponnesiaci
1161 1565 1362 1650 deprompta-

242 1683 311 1727 rum
333 1668 405 1745 post
428 1680 541 1744 pacem
566 1661 613 1725 Ol.
637 1659 727 1741 823
748 1663 864 1728 factam
887 1665 1083 1746 compositae
1105 1669 1188 1728 sunt.
1226 1664 1362 1745 legistae

241 1766 348 1825 autem
371 1778 441 1823 cum
465 1759 604 1824 rationes
627 1778 840 1842 expensorum
862 1780 883 1825 a
906 1761 1127 1843 quaestoribus
1144 1761 1308 1825 Minervae
1331 1767 1363 1826 et

240 1857 432 1939 reliquorum
449 1855 580 1920 deorum
603 1874 661 1938 per
678 1856 821 1939 singulos
843 1878 947 1923 annos
968 1856 1130 1923 institutas
1146 1856 1364 1924 describerent

240 1954 291 2030 (ci.
308 1951 538 2019 Kirchholfium
553 1951 596 2016 ad
611 1952 645 2017 Ο.
662 1953 682 2016 i.
699 1955 737 2017 A.
755 1957 828 2024 273)
838 2002 846 2035 ‚
873 1962 1023 2019 accurate
1045 1954 1164 2019 tradita
1183 1954 1284 2020 verba
1306 1972 1362 2019 ex·

240 2056 434 2135 presserunt.
464 2070 525 2132 quo
541 2050 660 2114 lactum
676 2057 735 2131 est,
753 2057 787 2115 ut
801 2050 882 2116 ratio
898 2050 978 2132 dies,
995 2052 1110 2133 quibus
1124 2052 1271 2132 singulae
1285 2072 1363 2135 pen-

240 2151 347 2215 siones
369 2148 472 2213 iactae
493 2148 566 2228 sint,
589 2147 781 2212 numerandi
803 2167 867 2212 non
882 2154 952 2213 tota
973 2148 1085 2213 tabula
1099 2147 1361 2230 sempereadem

240 2251 380 2311 maneat.
409 2250 441 2309 et
469 2244 678 2326 posteriorum
705 2243 833 2326 quidem
856 2264 1013 2310 annornm
1036 2253 1221 2327 quaestores
1243 2244 1321 2311 inde
1342 2263 1369 2310 a.
1406 2320 1408 2323 .

240 2363 336 2410 versu
350 2344 388 2406 19
404 2341 498 2406 solita
513 2341 649 2406 formula
663 2341 872 2425 scripserunt:
889 2348 982 2426 τρίτῃ
996 2345 1144 2426 (πέμπτῃ
1159 2339 1216 2405 καὶ
1233 2339 1359 2425 δεκάτῃ,

241 2437 407 2522 δωδεκάτῃ
436 2436 517 2514 avt.)
544 2434 650 2521 ἡμέρᾳ
677 2438 735 2523 τῆς
768 2443 969 2520 πρυτανείας
998 2437 1248 2523 ἒςελῃίυθυίας,
1282 2439 1302 2501 i.
1333 2458 1360 2504 θ.

239 2539 355 2615 „tertio
379 2534 432 2601 die
453 2533 529 2600 inde
551 2554 592 2600 ex
614 2554 669 2615 eo,
692 2554 754 2617 quo
776 2536 928 2620 prytanio
948 2535 1065 2602 inierat
1073 2539 1096 2599 “.
1140 2535 1262 2618 priores
1285 2554 1360 2601 vero

240 2640 343 2712 (11.1
359 2645 384 2697 8.
401 2644 438 2696 1ο.
456 2636 496 2708 11)
518 2630 715 2716 scripserunt
730 2652 757 2698 e.
773 2652 803 2714 g.
821 2630 889 2719 [ἐπὶ
912 2633 970 2716 τῆς
987 2680 1144 2697 .......
1160 2628 1361 2714 πρυτανείας

240 2779 349 2797 .....
379 2751 437 2814 τῃς
465 2726 746 2815 πρυτανευυὺαίῃς
769 2728 868 2796 πέντε
890 2724 1012 2815 ἡμέραν
1033 2726 1268 2816 scalptoribus
1290 2726 1361 2815 τῆ]ς

240 2832 448 2910 πρυτανείας.
493 2824 645 2891 videlicet
673 2827 888 2911 supplendum
912 2846 985 2894 esse
1007 2823 1090 2893 εἰσίν
1118 2834 1175 2893 aut
1197 2815 1297 2913 ἦσαν,
1328 2835 1363 2893 ut
1421 2915 1423 2918 .

239 2924 400 2992 sententia
421 2922 478 2988 sit:
500 2924 662 3005 „quinque
680 2922 747 2990 dies
762 2932 837 2990 sunt
852 2926 917 3002 (vel
932 2930 1047 3006 erant),
1071 2944 1111 2991 ex
1126 2945 1189 3007 quo
1210 2926 1361 3009 prytanis

231 3024 311 3098 iniit
333 3022 397 3099 (vol
418 3020 546 3097 inierat)
554 3024 577 3085 “.
621 3041 696 3086 narn
719 3021 804 3103 qnod
826 3022 927 3088 semel
949 3028 992 3101 (v.
1015 3027 1047 3097 4)
1069 3022 1127 3105 τῆς
1149 3027 1359 3102 πρυτανείας,
1420 3041 1422 3044 ·

240 3117 326 3202 quod
348 3124 397 3184 est
418 3118 521 3183 altero
543 3118 629 3201 loco,
653 3118 803 3184 omissum
826 3126 890 3200 est,
913 3120 975 3184 hoo
996 3120 1119 3184 nullam
1142 3118 1359 3185 difficultatem

240 3217 345 3282 infert.
389 3215 552 3297 quaeritur
573 3223 689 3296 autem,
718 3236 795 3280 num
816 3216 951 3282 fortasse
973 3216 1100 3296 lacuna,
1127 3221 1360 3298 quaererent

240 3318 355 3393 exstat,
384 3312 431 3376 ita
453 3311 616 3394 explenda
637 3315 688 3389 sit,
710 3320 745 3377 ut
766 3312 899 3377 verbnm
920 3312 1012 3393 illud,
1036 3311 1121 3394 quod
1144 3311 1239 3394 volgo
1263 3314 1360 3379 inter·

240 3409 357 3475 cidisse
379 3407 474 3473 modo
499 3407 576 3490 dixi,
598 3397 681 3493 ἦσαν
703 3411 763 3476 hoo
784 3431 847 3475 uno
869 3410 940 3474 loco
963 3416 1124 3474 servatum
1146 3409 1250 3475 fuerit.
1287 3417 1361 3476 sunt

240 3506 326 3571 enim
355 3505 469 3571 literae
498 3508 576 3571 hae:
617 3510 793 3590 (τέτταρες)
821 3502 1097 3592 ΕΜΕΡ[Α]ΙΕΣΑ
1115 3556 1121 3569 .
1139 3555 1146 3569 .
1165 3502 1360 3592 [Σ]Ε[ίῃλυ-

240 3598 353 3687 θείας]
377 3602 483 3681 κτλ”).
522 3623 581 3666 ooo
602 3604 712 3669 literas
734 3623 804 3668 cum
827 3604 884 3669 alii
905 3610 972 3668 tum
995 3603 1178 3669 Boecklrius
1196 3605 1360 3680 (abhand-

238 3701 361 3782 lungen
384 3698 442 3765 der
463 3700 609 3765 Berlincr
632 3700 813 3765 Akadcmie
832 3704 924 3776 1846,
945 3722 976 3784 p.
994 3701 1068 3775 370)
1091 3706 1123 3764 et
1145 3698 1360 3768 Kirohhoifius

240 3796 339 3862 errori
364 3796 526 3877 lapicidae
554 3796 664 3863 deberi
691 3803 821 3880 putant,
852 3798 1004 3879 quicum
1033 3797 1170 3881 primum
1198 3797 1280 3864 falso
1302 3819 1359 3883 po·

239 3894 356 3959 suisset
377 3889 555 3977 ἕσαγαύση,
586 3893 810 3960 animadverso
833 3913 940 3961 errore
969 3901 1001 3961 et
1030 3895 1132 3961 literis
1153 3894 1282 3958 ΑΛΟΣ
1307 3897 1359 3965 de-

308 4128 341 4188 ²⁴)
365 4130 387 4177 Α
406 4108 434 4179 et
450 4131 468 4178 Σ
485 4126 593 4192 literae,
616 4142 683 4196 quas
701 4128 779 4182 uncis
796 4094 903 4192 inclusi,
921 4128 1040 4181 nuncin
1058 4128 1148 4197 lapide
1166 4128 1269 4184 deletae
1285 4135 1357 4196 sunt,

239 4206 287 4260 sed
305 4221 337 4260 ea
354 4208 452 4269 aetate,
471 4220 524 4273 qua
537 4205 651 4263 Roscius
664 4211 693 4262 et
705 4207 821 4282 Pittakio
836 4207 906 4261 hanc
923 4206 1045 4260 tabulam
1064 4209 1272 4277 exscripserunt,
1290 4225 1358 4264 non-

240 4287 302 4341 dum
320 4291 491 4340 evanuerant.
