3575 5334
734 680 767 734 de
785 680 867 749 alpha
884 681 1026 735 intensive.
1408 684 1445 743 71

329 856 398 919 suut
429 849 530 915 tundo
559 868 668 915 ear-ere
698 850 840 916 dicimus.
886 850 985 917 Vides
1008 859 1150 918 nostrum
1176 854 1301 937 Untirffe
1324 856 1364 922 de
1387 877 1449 939 quo

329 968 423 1031 supra
444 967 476 1031 p.
500 951 540 1011 34
565 947 798 1033 disputavimus
822 953 899 1031 apte
921 950 1098 1031 comparari
1120 970 1224 1032 pesse.

410 1086 444 1160 7)
468 1089 501 1148 et
522 1086 553 1160 8)
591 1076 831 1167 ἀγάλακτος
855 1089 886 1147 et
909 1078 1082 1168 ἀσημος.
1121 1087 1132 1107 ’

838 1177 846 1210 l

329 1218 469 1283 Erotion.
493 1240 524 1301 p.
549 1222 605 1299 50,
631 1222 649 1280 5
677 1216 740 1295 (ed.
763 1216 884 1293 Klein.)
908 1212 1054 1303 ἀσήμοις
1076 1216 1213 1296 τόποις·
1252 1217 1327 1285 κατ’
1359 1217 1452 1287 ἀντί-

331 1338 455 1401 φρασιν
494 1310 759 1399 πολοσήμοις
798 1310 844 1390 ὡς
881 1317 939 1380 καὶ
975 1311 1177 1399 ἀγαλάκτοις
1213 1316 1451 1401 πολογαλά-

331 1436 445 1490 κτοις
467 1412 525 1477 καὶ
548 1407 656 1495 ἀξύλῳ
680 1407 751 1497 ἀλῃ.
780 1411 1054 1498 πολοσήμοας
1070 1412 1107 1479 ἀὲ
1130 1413 1220 1498 λέγει
1242 1411 1370 1490 τόπους
1393 1412 1452 1480 ἐπί

330 1534 361 1575 τε
391 1509 530 1595 φλεβῶν
558 1504 616 1572 καὶ
644 1504 811 1594 ἀρτηριῶν
842 1510 898 1574 καὶ
928 1508 1062 1594 νεύρων.
1106 1509 1174 1577 Nes
1197 1508 1383 1594 ἀγάλακτος
1406 1513 1452 1576 in·

331 1606 475 1672 venimus
498 1624 594 1671 sensu
615 1606 766 1687 negativo
789 1605 875 1689 apud
898 1606 1013 1672 Aesub.
1036 1607 1095 1689 Ag.
1120 1611 1182 1671 727
1205 1608 1258 1673 ubi
1281 1615 1344 1673 est:
1368 1610 1453 1675 laete

332 1722 451 1786 sarens,
464 1703 547 1769 laete
562 1723 626 1768 non
642 1702 789 1767 nutritus.
812 1703 909 1785 Apud
921 1704 1036 1770 Galen.
1047 1710 1153 1769 autem
1169 1704 1214 1768 VI
1227 1709 1288 1770 346
1300 1706 1452 1783 (Kuehn.)

332 1797 513 1885 ἀγάλακτον
528 1804 629 1881 νομαί
643 1806 717 1865 sunt
738 1819 857 1881 pasena
879 1799 1072 1867 laetantibus
1087 1801 1198 1867 bestiis
1219 1803 1325 1867 noxia.
1355 1800 1453 1889 Ἄση-

331 1892 389 1977 ’μος
427 1902 536 1961 autem
573 1916 729 1979 nusquam
766 1917 830 1961 non
859 1897 1022 1964 invenitur
1058 1918 1129 1962 eum
1159 1897 1257 1981 alpha
1294 1900 1452 1983 privativo

332 1996 556 2077 compositum,
591 2012 650 2057 nee
681 2001 766 2060 reete
794 1994 921 2060 videtur
951 1996 1121 2060 Erotianus
1151 1996 1377 2079 Hippocratem
1407 1997 1453 2062 in·

332 2090 501 2157 tellexisse.

413 2229 446 2302 9)
486 2220 723 2309 ἀγείρατος.

332 2360 434 2444 Etym.
451 2360 493 2425 M.
511 2363 540 2441 8,
557 2362 597 2425 28
619 2366 720 2443 γέρας
742 2355 761 2446 ἡ
784 2358 882 2445 τιμή.ἰ
905 2357 1068 2443 ἀγέρατον
1091 2362 1148 2424 καὶ
1171 2362 1372 2447 πλεονασμῷ
1394 2369 1455 2429 τοῦ

334 2456 554 2542 ιάγιίρατον.
585 2454 692 2533 οὕτως
712 2453 919 2540 Ἡρωδιανὸς
946 2458 1027 2540 περὶ
1056 2462 1192 2523 παθών.
1229 2464 1387 2545 σημαίνει
1416 2459 1452 2525 ἀὲ

334 2557 386 2620 καλ
408 2553 449 2618 τὸ
473 2549 593 2636 ἀτιμον
619 2556 675 2619 καὶ
704 2555 742 2617 τὸ
772 2551 1015 2634 πολύτιμον.
1061 2553 1107 2618 Of.
1131 2555 1247 2620 Herod.
1272 2558 1305 2621 ΙΙ
1328 2561 1399 2639 λ69,
1424 2564 1452 2623 4.

335 2653 380 2718 ed.
408 2654 519 2717 Lentu.
564 2651 830 2734 Quandoquidem
856 2652 1014 2717 nescimus
1043 2671 1106 2732 qua
1134 2654 1323 2719 auctoritate
1353 2655 1455 2721 inten-

333 2750 399 2815 siva
420 2749 480 2813 illa
502 2748 689 2829 significatio
712 2749 841 2828 nitatur,
865 2750 899 2813 in
921 2749 1074 2830 negativa
1095 2749 1335 2831 acquiescimus.

332 2887 333 2891 '
418 2888 469 2959 10)
508 2878 668 2965 ἄγονος·

329 3014 475 3103 Ἄγονον·
499 3014 660 3103 πήγανον.
683 3012 705 3103 ἢ
726 3015 962 3100 πολύγονον
985 3018 1135 3101 Hesyeh.,
1159 3017 1197 3082 ef.
1222 3018 1456 3086 Valckenarius

334 3117 372 3181 ad
394 3117 531 3180 Theoer.
548 3113 651 3179 Adon.
674 3136 705 3197 p.
723 3118 794 3181 218.
832 3116 900 3180 Nos
922 3115 1070 3196 quoniam
1094 3115 1154 3178 hoe
1177 3115 1368 3179 vocabulum
1390 3117 1456 3181 ubi·

335 3233 456 3296 eumque
489 3211 605 3294 legitur
644 3231 768 3293 semper
805 3232 875 3276 eum
909 3211 1009 3293 alpha
1039 3210 1197 3293 privativo
1229 3216 1342 3293 aperte
1374 3232 1457 3277 oom-

335 3312 469 3392 positum
494 3327 564 3374 esse
593 3309 753 3390 videmus,
787 3329 849 3373 nen
875 3308 1056 3372 dubitamus
1081 3307 1157 3387 quin
1179 3305 1340 3372 intensiva
1361 3307 1458 3389 signi-

335 3406 436 3473 fieatie
452 3406 728 3489 grammatieurum
745 3408 841 3471 errori
865 3403 1036 3469 tribuenda
1057 3404 1106 3468 sit.
1137 3402 1227 3468 idem
1244 3402 1285 3469 de
1299 3406 1456 3471 voeabula

420 3546 472 3618 11)
512 3534 780 3623 ἀγύμναστος

336 3666 436 3744 valet,
467 3662 530 3727 nisi
554 3664 651 3727 Maur.
676 3661 885 3729 Schmidtium
915 3662 1004 3744 sequi
1027 3662 1130 3725 mavis
1152 3661 1205 3741 qui
1234 3661 1375 3741 glossam
1397 3663 1459 3729 He·

336 3762 522 3845 oyehianam
538 3755 778 3841 ἀγυμνάστοις·
794 3757 1117 3842 πολογομνάστο
1128 3782 1165 3834 ις
1180 3757 1222 3821 atl
1238 3755 1299 3823 σάκ
1315 3756 1366 3843 ἀγ.
1390 3782 1460 3844 per·

337 3859 434 3923 tinere
457 3856 667 3940 probabiliter
689 3857 876 3939 suspicatur.
913 3855 1112 3938 Quamquam
1134 3862 1200 3919 tam
1222 3875 1321 3939 saepe
1335 3866 1461 3925 veteres

330 3954 534 4035 ⁴grammatici
562 3953 720 4017 voeabula
749 3973 830 4036 quae
859 3960 969 4035 aperte
995 3974 1014 4017 a
1037 3953 1186 4034 negativo
1216 3954 1356 4035 praefixo
1384 3956 1462 4019 inei-

277 4067 282 4076 '
338 4054 425 4133 piunt
448 4050 616 4115 venabulis
634 4051 882 4133 interpretantur
904 4070 975 4115 eum
992 4050 1096 4113 πολα-
1117 4050 1302 4132 compositis
1324 4056 1359 4111 ut
1380 4050 1461 4112 nihil

338 4150 451 4216 referat
473 4168 572 4211 unum
597 4148 778 4230 exemplum
801 4153 905 4210 utrum
926 4146 1078 4211 detrahas
1092 4167 1135 4212 an
1151 4145 1264 4209 addas.
1295 4142 1462 4209 Confiden-

330 4246 396 4313 tius
419 4244 538 4313 erroris
561 4246 750 4311 convincere
771 4264 940 4326 possumus
962 4244 1151 4308 scholiastae
1174 4241 1226 4320 qui
