3575 5334
1442 591 1489 659 ’U

331 694 373 755 56
850 697 952 753 Glemm

331 870 412 934 atrio
439 869 653 951 confundant,
687 870 802 935 rectius
827 891 848 935 a
876 869 911 935 Ο.
934 869 1026 935 Aelio
1053 870 1148 935 Gallo
1176 870 1280 933 loeum
1310 868 1455 950 intellegi

331 975 408 1031 ante
432 966 566 1048 januam
596 968 709 1033 domus
738 987 873 1032 vanuum
902 986 960 1049 per
987 986 1081 1048 quem
1104 986 1124 1030 a
1146 967 1200 1029 vie
1221 964 1328 1030 aditus
1350 966 1393 1030 sit
1414 966 1455 1030 ad

331 1063 440 1129 aedes.
478 1066 528 1128 De
549 1064 726 1146 veriloquio
748 1072 854 1130 autem
878 1064 1003 1130 Gellius
1024 1063 1067 1128 ed
1089 1068 1331 1146 praeceptorem
1354 1083 1454 1143 suum,

228 1222 231 1226 ,
332 1160 508 1243 Sulpicium
530 1162 751 1244 Apollinarem
774 1169 927 1245 provocat
948 1162 1039 1244 eujus
1061 1162 1142 1226 haee
1164 1161 1264 1225 verba
1288 1159 1368 1224 XVI
1390 1163 1455 1241 5,6

332 1257 524 1323 afferuntur:
570 1259 667 1337 „Ve“
696 1260 857 1343 portiana
885 1260 980 1320 sicuti
999 1257 1149 1342 quaedam
1179 1259 1243 1320 alia
1271 1266 1335 1318 turn
1358 1258 1456 1319 inten-

331 1356 445 1417 tionem
466 1354 622 1440 siqnifinat
643 1366 705 1418 tunt
721 1358 929 1419 minutionem.
974 1355 1059 1417 Nam
1074 1360 1227 1431 „netus“
1242 1365 1275 1416 et
1294 1354 1456 1432 „ve(be)·

332 1456 464 1526 mens“‚
488 1454 619 1515 alterurn
640 1454 677 1515 ab
701 1454 812 1516 aetatis
833 1454 1043 1536 maqnitudine
1064 1454 1265 1537 compositum
1288 1453 1456 1535 elisumque

332 1558 387 1621 est,
400 1550 533 1612 alterum
546 1571 565 1611 a
577 1551 686 1612 mentis
701 1552 732 1612 oi
746 1564 838 1634 atque
849 1552 964 1633 impetu
977 1549 1100 1612 dieitur.
1123 1597 1137 1626 ,‚
1152 1548 1331 1611 Veseurn“
1345 1559 1453 1621 autem,

333 1646 418 1729 quod
439 1665 479 1707 en
500 1651 585 1723 „ae“
605 1648 761 1729 particula
784 1658 816 1709 et
843 1652 975 1725 „esaa“
1005 1648 1180 1730 copulatum
1203 1656 1264 1717 est,
1295 1647 1456 1731 utriusque

332 1742 475 1805 diuersae
502 1741 738 1827 sienifieatt‘onis
758 1746 818 1806 nim
848 1746 941 1828 eupit.
987 1747 1016 1807 7.
1053 1744 1159 1805 Aliter
1183 1744 1264 1805 enim
1285 1742 1456 1807 Lueretius

333 1844 526 1916 „aeseurn“
554 1842 649 1902 salem
678 1841 755 1903 dicit
781 1862 824 1902 en
852 1841 965 1904 edendi
984 1842 1168 1911 intentione,
1198 1841 1292 1902 aliter
1313 1841 1457 1904 Lucilius

332 1941 528 2013 „nesanrn“
568 1938 707 2021 appellat
743 1958 810 2000 alm
842 1939 954 2001 edendi
973 1937 1124 2019 fastidio.
1178 1941 1207 2001 8.
1248 1935 1311 2015 Qui
1350 1940 1457 2003 domos

332 2034 431 2115 iqitur
453 2035 572 2117 amplas
586 2035 755 2119 antiquitus
772 2034 947 2116 faciebant,
971 2037 1070 2097 laeum
1087 2043 1157 2095 ente
1171 2034 1306 2117 januam
1328 2057 1457 2098 nanuum

333 2130 550 2214 relinquebant
587 2134 641 2215 qui
671 2134 754 2195 inter
776 2131 875 2213 fores
904 2132 1012 2194 domus
1044 2141 1074 2193 et
1108 2132 1188 2193 niam
1221 2132 1340 2195 medias
1369 2144 1456 2198 esset.

333 2229 364 2292 9.
394 2226 433 2289 In
463 2248 499 2290 eo
528 2229 596 2291 loeo
625 2230 680 2311 qni
703 2228 858 2291 dominum
887 2228 1086 2312 ejusdemne
1110 2230 1457 2303 salutaturuoenerant‚

332 2325 516 2409 priusquam
540 2326 787 2401 admitterentur,
811 2326 1015 2388 consistebant
1037 2335 1069 2387 et
1089 2346 1187 2410 neque
1208 2326 1240 2387 in
1262 2328 1313 2388 nia
1334 2327 1458 2390 stabant

332 2442 433 2504 neque
461 2425 546 2484 intra
576 2421 668 2484 aedes
697 2432 797 2486 erant.
862 2428 911 2487 10.
954 2421 1005 2485 Ab
1033 2423 1088 2485 illa
1116 2424 1213 2505 initur
1239 2425 1370 2505 eraudis
1398 2426 1460 2487 lori

333 2520 521 2582 consistione
542 2527 573 2579 et
595 2520 686 2602 quasi
705 2520 838 2602 quadarn
859 2519 1067 2581 stabulatione
1088 2520 1330 2597 „vestibula“
1354 2523 1457 2605 appel·

334 2616 398 2677 lata
427 2625 499 2677 sunt
530 2616 633 2699 spotia
662 2616 756 2677 sicuti
786 2617 924 2679 dininas
955 2616 1089 2698 qnandiu
1118 2627 1190 2680 unte
1207 2618 1307 2699 sares
1336 2619 1457 2681 aedium

332 2711 446 2775 relicta
469 2730 496 2776 e.
520 2730 550 2792 q.
574 2732 599 2775 s.

422 2809 448 2871 E
478 2808 585 2873 Gellio
608 2816 781 2874 manarunt
803 2829 884 2891 quae
907 2811 1004 2874 Mser.
1027 2818 1086 2875 eat.
1111 2811 1189 2875 VIlI
1215 2816 1334 2874 15--21
1361 2812 1477 2901 habet·

334 2904 390 2969 ubi
418 2912 526 2968 tamen
554 2905 734 2968 nestibulum
763 2908 858 2971 etiam
883 2907 926 2971 ad
949 2912 1026 2983 „ve“
1050 2909 1232 2989 negativum
1259 2928 1364 2990 paene
1385 2910 1459 2975 ridi·

335 3003 440 3067 oulum
471 3002 505 3064 in
534 3001 661 3066 modum
691 3010 872 3068 revocatur:
912 3005 968 3066 alii
995 3004 1143 3086 riderent
1170 3027 1231 3068 nan
1253 3007 1296 3068 ad
1322 3028 1376 3069 eos
1406 3010 1460 3092 qui

334 3098 500 3161 adveniunt
522 3100 579 3161 sed
598 3101 641 3162 ad
661 3102 731 3164 illos
753 3101 808 3184 qui
828 3101 859 3161 in
882 3100 973 3162 domo
996 3113 1203 3174 commanent,
1227 3106 1372 3187 quoniam
1394 3107 1458 3167 illia

333 3216 489 3279 nunquam
511 3198 682 3259 consistunt
702 3198 759 3260 sed
784 3197 881 3259 solius
904 3200 1054 3260 transitus
1076 3221 1169 3262 eausa
1192 3201 1235 3263 ad
1255 3200 1335 3263 buna
1357 3202 1457 3264 laeum

333 3297 460 3355 nenium
491 3294 634 3355 enatando
666 3296 716 3356 nel
746 3295 914 3359 redeunde.
960 3297 1017 3359 Est
1048 3296 1145 3377 igitur
1173 3297 1354 3360 nestibulum
1383 3300 1404 3363 i.
1427 3319 1456 3381 q.

333 3388 549 3455 Niohtatand.
594 3390 725 3472 Majoris
753 3393 905 3457 momenti
934 3399 1008 3457 sunt
1038 3412 1120 3474 quae
1148 3396 1181 3459 in
1215 3395 1347 3459 XVImo
1371 3395 1456 3461 Festi

334 3486 546 3567 quaternione
567 3486 704 3568 legimus
726 3508 819 3569 quem
843 3489 945 3554 edidit
971 3489 1196 3570 Mommsenua,
1219 3499 1280 3557 aot.
1304 3512 1368 3557 soa.
1391 3513 1457 3576 reg.

335 3582 382 3645 lit.
405 3582 511 3648 Berol.
534 3603 563 3646 a.
589 3586 670 3648 1864
693 3604 724 3667 p.
749 3588 787 3647 57
804 3606 887 3667 aqq.:
925 3634 939 3663 ‚‚
953 3586 1180 3668 Veyrande“
1201 3588 1381 3673 siqui'sieare
1403 3592 1460 3653 alii

335 3678 425 3762 ajunt
456 3680 536 3741 rnale
566 3681 701 3762 9rande,
740 3691 775 3743 ut
810 3703 982 3759 „vanarn
1021 3689 1221 3757 vesanus&
1243 3686 1320 3748 mali
1353 3689 1458 3750 cordis

334 3776 476 3860 maleque
496 3797 605 3849 sanus,
629 3777 686 3838 alii
703 3799 850 3860 paruum,
880 3782 1045 3851 minutum,
1070 3789 1105 3841 ut
1125 3802 1192 3842 euni
1215 3783 1344 3845 dicimus
1373 3807 1457 3862 „ne-

333 3873 505 3955 yrande“
524 3873 740 3954 febrientem,
772 3886 804 3938 at
824 3877 960 3938 Plautus
987 3878 1018 3937 in
1043 3874 1236 3940 Cistellaria:
1265 3882 1360 3963 „quin
1383 3883 1460 3944 issi

335 3971 581 4032 ituresnimium
607 3972 634 4033 is
661 3974 860 4055 onerandi
883 3974 1017 4055 qradu“.
1069 3974 1184 4037 Veners
1211 3986 1259 4037 est
1280 3977 1402 4041 turbati
1427 3987 1456 4041 et

335 4067 413 4128 rnali
432 4067 545 4129 cordas.
590 4068 745 4131 Pacuuius
766 4071 797 4130 in
819 4070 940 4131 Iliona:
977 4072 1114 4153 „paelici
1131 4074 1368 4156 superstitiosae
1390 4096 1456 4138 aum

336 4164 502 4226 vecordi
522 4164 673 4248 eonju9e“
695 4175 728 4227 et
747 4165 871 4229 Nonius
891 4166 1078 4230 inHereule
1100 4179 1263 4231 senatore:
1285 4174 1456 4247 „tristimo-

334 4260 425 4321 niam·
440 4281 485 4321 en
505 4262 606 4325 animo
630 4262 775 4324 deturbat
796 4272 826 4324 et
848 4265 996 4327 oeaord
1002 4266 1016 4327 i
1021 4286 1075 4327 arn
1084 4270 1106 4326 “.
1146 4266 1215 4331 Hne
1237 4269 1396 4334 secedunt
1418 4291 1456 4337 ex
