3575 5334
419 1445 509 1510 Inter
530 1445 638 1511 varias
665 1447 743 1512 artis
765 1446 995 1529 grammaticae
1023 1453 1133 1531 partes
1154 1447 1210 1511 vix
1231 1468 1297 1512 una
1318 1456 1383 1515 tam
1408 1451 1463 1517 diu

335 1550 383 1608 est
405 1543 562 1626 neglecta,
587 1564 682 1626 quam
705 1545 869 1609 nominum
891 1545 1050 1610 formatio.
1094 1545 1179 1609 Nam
1212 1546 1271 1610 etsi
1293 1547 1354 1611 viri
1377 1548 1464 1615 docti

333 1639 435 1704 multa
460 1641 580 1724 passim
603 1661 641 1706 eo
664 1643 867 1707 contulerunt
890 1646 922 1708 et
942 1643 1126 1708 Lobeckius
1148 1642 1193 1721 (in
1208 1643 1463 1727 Paralipomenis

332 1738 563 1820 grammaticae
584 1757 721 1821 graecae
743 1739 831 1822 Lips.
853 1743 934 1805 1837
958 1741 1013 1818 al.)
1036 1760 1154 1823 magna
1176 1739 1346 1823 diligentia
1367 1750 1464 1827 atquc

333 1835 495 1901 industria
523 1835 563 1900 de
591 1836 653 1902 hac
681 1856 716 1901 re
744 1837 948 1919 quaestiones
977 1838 1129 1919 instituit,
1160 1843 1268 1902 tamen
1297 1840 1383 1921 quod
1407 1862 1463 1908 eas

332 1934 417 1998 intra
431 1933 526 1998 unius
547 1952 683 2016 graecae
699 1944 753 1999 aut
767 1934 889 1999 latinae
904 1935 1036 2018 linguae
1051 1936 1212 2015 circulum,
1235 1943 1270 2000 ut
1284 1936 1330 2000 ita
1345 1935 1461 2022 dicam,

333 2031 607 2110 constrinxerunt,
634 2030 702 2095 fieri
724 2051 789 2095 non
811 2031 931 2113 potuit,
961 2032 1038 2114 quin
1066 2052 1205 2097 resnou
1228 2031 1306 2098 satis
1329 2033 1463 2099 confice·

333 2130 457 2205 retur¹).
507 2127 611 2210 Major
641 2128 736 2211 hujus
764 2128 810 2193 rei
838 2134 1009 2211 perceptus
1038 2136 1086 2193 est
1120 2129 1239 2195 fructus
1267 2130 1462 2213 linguarum,

333 2246 416 2307 quae
439 2225 567 2308 quidem
590 2226 632 2290 ab
655 2225 769 2290 eadem
792 2226 891 2309 stirpe
914 2225 1069 2291 oriundae
1091 2232 1182 2309 sunt,
1213 2227 1377 2291 nominum
1400 2227 1462 2293 for·

333 2324 475 2389 motione
496 2325 579 2388 inter
601 2343 636 2388 se
652 2322 879 2405 comparanda.
917 2325 1041 2388 Tamen
1059 2329 1182 2389 tantum
1197 2325 1299 2404 abest,
1322 2331 1357 2389 ut
1379 2326 1461 2391 haec

332 2441 382 2487 res
405 2422 504 2505 plane
519 2421 742 2501 cumulateque
764 2420 906 2502 perlecta
921 2422 971 2502 sit,
994 2428 1029 2485 ut
1049 2421 1111 2485 hoc
1126 2441 1252 2504 quoque
1269 2421 1322 2487 die
1337 2442 1460 2487 summo

329 2519 403 2601 jure
425 2519 511 2583 idem
534 2517 720 2597 contendas,
744 2516 829 2599 quod
852 2516 977 2583 Curtius
999 2525 1076 2584 ante
1097 2519 1230 2600 triginta
1251 2539 1355 2585 annos
1378 2519 1460 2586 dixit

331 2616 364 2681 in
388 2615 639 2696 dissertationis,
670 2634 765 2696 quam
787 2614 914 2697 scripsit
942 2615 983 2681 de
1005 2617 1169 2681 nominum
1192 2636 1377 2699 graecorum
1401 2619 1462 2684 lor·

302 2793 307 2809 .
332 2714 474 2779 mationa
496 2712 614 2790 (Berol.
640 2715 733 2786 1842)
755 2712 973 2794 praelatione:
1001 2715 1155 2794 „librum‚
1178 2714 1212 2777 in
1235 2735 1297 2797 quo
1320 2721 1387 2783 tota
1410 2737 1462 2783 res

331 2812 491 2877 subtiliter
518 2814 658 2875 tractata
686 2809 742 2886 sit,
774 2808 1025 2876 desideramus.“
1070 2812 1154 2877 Nam
1176 2811 1321 2895 Boppius
1344 2815 1458 2897 (vergl.

329 2915 497 2991 grammat.
516 2908 591 2988 ΙΙΙ),
615 2906 740 2971 Pottius
762 2903 970 2991 („etymolog.
994 2907 1230 2992 forschungen“
1254 2916 1285 2974 et
1306 2912 1460 2987 „wurzel

324 3005 642 3081 'worterbuchcalii
665 3003 706 3070 de
727 3004 937 3086 grammatica
960 3006 1180 3087 comparativa
1202 3005 1322 3087 optime
1343 3008 1459 3091 meriti,

330 3103 493 3168 nominum
522 3100 761 3167 formandorum
792 3101 995 3183 disciplinam
1024 3102 1197 3184 tetigerunt
1225 3102 1328 3184 magis
1363 3125 1460 3185 quam

331 3201 543 3267 coniecerunt.
582 3198 701 3281 Papius
716 3218 792 3263 vero
816 3199 861 3276 (in
884 3199 988 3264 lexico
1008 3198 1218 3283 etymologico
1242 3199 1348 3266 Berol.
1365 3206 1458 3279 1836)

329 3298 362 3363 id
373 3319 472 3362 unum
484 3298 558 3380 egit,
574 3302 609 3361 ut
620 3295 778 3361 vocabula
792 3315 910 3379 graeca
924 3295 1100 3360 secundum
1114 3293 1300 3360 suffixorum
1313 3298 1457 3364 ordinem

330 3396 497 3479 colligeret
518 3393 722 3475 breviterque
744 3394 785 3458 de
802 3393 938 3475 singulis
953 3391 1074 3458 suffixis
1096 3400 1332 3481 praemoneret.
1366 3396 1459 3462 Simi-

329 3493 392 3559 lem
422 3492 508 3558 viam
543 3491 706 3573 ingressus
743 3497 791 3557 est
818 3491 884 3555 Leo
914 3490 1025 3574 Meyer
1059 3490 1173 3574 (vergl.
1203 3499 1371 3573 grammat.
1400 3493 1458 3561 des

329 3589 448 3671 griech.
472 3571 538 3653 und
560 3589 627 3671 lat,
650 3589 714 3654 vol.
730 3589 763 3652 ΙΙ
782 3592 884 3669 1865),
909 3588 1042 3670 quinon
1065 3588 1168 3653 solum
1183 3590 1316 3655 nomina
1330 3610 1457 3674 graeca,

329 3687 385 3754 sed
408 3687 505 3753 ctiam
527 3686 631 3751 latina
653 3685 829 3752 secundum
851 3686 1112 3752 terminationum
1136 3686 1280 3753 ordinem
1302 3688 1459 3772 disposita

330 3784 540 3850 enumeravit.

328 4040 329 4044 ,
398 3988 417 4047 ¹)
437 3985 477 4039 cf.
496 4000 566 4053 quae
584 3984 651 4039 dicit
668 3985 777 4039 Curtius
795 3985 854 4038 Erl.
872 4002 898 4039 z.
916 3984 1053 4053 Schulgr.2
1074 4000 1101 4051 p.
1122 3987 1184 4038 138:
1212 4000 1288 4047 „vom
1306 3985 1458 4040 bcsondern

330 4066 514 4135 standpunkte
537 4065 585 4119 der
607 4065 794 4134 griechischen
817 4065 933 4134 sprache
950 4081 1000 4119 aus
1023 4066 1060 4120 ist
1077 4064 1134 4118 dies
1156 4064 1246 4131 gebiet
1262 4066 1457 4133 vorzugsweise

330 4163 380 4201 von
397 4146 512 4202 Lobeck
529 4144 578 4199 mit
600 4146 678 4214 jener
695 4146 751 4200 ihm
774 4144 996 4214 cigenthmlichen
1020 4144 1110 4199 feinen
1126 4144 1183 4199 und
1205 4144 1397 4200 umfassenden
1413 4161 1457 4214 ge-

329 4227 503 4283 lehrsamkcit
519 4227 678 4292 bearbeitct
696 4226 796 4282 welche
814 4226 886 4280 auch
904 4224 1013 4279 derwol
1029 4242 1064 4279 zu
1081 4224 1317 4295 berhclrsichtigen
1335 4227 1392 4293 hat,
1410 4227 1459 4282 der

331 4305 426 4364 iuziel
443 4308 501 4363 und
517 4307 643 4362 methode
661 4323 713 4361 ron
730 4307 841 4361 Lobeck
860 4305 1018 4361 abueicht.“

1198 4390 1252 4442 22*
