3575 5334
659 700 693 753 de
710 699 792 768 alpha
809 699 950 755 intensivo.
1325 696 1365 753 45

238 874 344 940 forma
354 872 453 938 etiam
465 871 649 957 compositis
664 871 830 936 vocabulis
840 871 1064 954 comprobatur·
1074 869 1367 957 βαρυ-σφάραγας,

241 967 504 1056 ἐρι-σφάραχος.
534 968 721 1035 Commenta
738 974 881 1034 veterum
904 969 1181 1051 grammaticorum
1203 969 1237 1032 in
1261 972 1366 1054 Etym.

240 1070 284 1134 M.
304 1072 375 1150 160,
394 1073 435 1133 50
457 1068 594 1133 collecta
615 1073 697 1147 sunt,
721 1066 821 1148 alpha
843 1062 931 1131 κατ’
957 1064 1156 1131 ἐπίτασιν
1179 1073 1280 1132 ortum
1298 1087 1368 1133 esse

240 1166 352 1232 Orion.
375 1166 479 1231 Theb.
502 1168 591 1247 p.12
613 1168 714 1247 putat,
737 1162 853 1228 rectius
876 1162 1091 1229 Doederlinus
1114 1172 1146 1230 et
1160 1164 1369 1230 Hennickeus

241 1266 346 1347 alpha
361 1283 419 1347 pro
435 1262 614 1345 euphonico
629 1259 844 1326 venditarunt.
884 1260 1103 1343 Verr‘loquium
1118 1283 1139 1327 a
1153 1261 1258 1327 Pottio
1279 1262 1369 1327 inda·

240 1367 354 1445 gatum
378 1359 504 1425 Curtius
525 1359 548 1423 l.
562 1359 585 1423 l.
611 1360 670 1422 185
696 1357 853 1441 proponit,
877 1377 981 1441 neque
1004 1359 1107 1424 habeo
1130 1358 1215 1442 quod
1238 1360 1368 1425 addam.

400 1481 432 1555 3)
454 1474 635 1563 ἀσκελης

239 1610 335 1676 varie
357 1608 535 1691 explicatur
556 1605 643 1691 apud
665 1607 848 1672 Homerum.
886 1606 978 1673 Circe
992 1609 1144 1693 Ulyssem
1166 1608 1299 1693 ejusque
1321 1632 1369 1676 so-

240 1708 313 1773 cios
334 1708 380 1771 ita
401 1706 575 1789 alloquitur
597 1730 616 1768 κ
639 1708 700 1769 463
724 1705 810 1778 (coll.
834 1709 907 1786 454,
931 1709 993 1770 457
1009 1711 1090 1789 sqq.)

536 1846 593 1905 νῦν
617 1837 651 1903 d'
676 1836 879 1916 ἀσκελέες
901 1840 959 1905 καὶ
982 1836 1113 1922 ἀθομοι

332 1936 405 2005 αἰὲν
428 1932 510 2024 ἀλης
530 1938 682 2024 χαλεπῆς
703 1942 911 2023 μεμνημένοι
933 1938 1012 2016 (soil.
1036 1936 1136 2016 ἐστέ),

238 2074 300 2139 nbi
316 2073 416 2140 sohel.
432 2073 469 2138 B.
480 2072 523 2151 Q.
540 2068 623 2155 ἀχακ
639 2070 904 2159 κατεσκληκότες
920 2074 977 2137 καὶ
988 2072 1202 2158 κεκμηκότες,
1220 2075 1369 2162 σκληρολ,

240 2170 521 2252 ἐσκελετεομένοι
541 2172 597 2235 καὶ
623 2176 865 2252 κενεκρωμένοι
888 2171 945 2234 καὶ
971 2176 1116 2253 ψυχικῆς
1140 2170 1253 2251 ἶσχόος
1275 2171 1371 2239 ἐστε·

242 2271 398 2355 ρημένοι.
442 2267 577 2351 Ulysses
599 2267 733 2350 ejusque
756 2267 833 2332 socii
855 2266 1017 2346 exsiccati,
1044 2266 1190 2333 exhausti
1214 2269 1370 2350 dicuntur,

242 2384 346 2448 quare
375 2364 466 2430 Circe
498 2384 553 2430 eos
580 2365 660 2429 cibis
693 2366 781 2430 vesci
809 2365 904 2447 jubet
936 2371 1033 2447 atque
1066 2365 1213 2429 recreari.
1258 2366 1369 2431 Neutr.

241 2483 304 2545 pro
327 2462 401 2527 adv.
424 2462 541 2543 legitur
562 2486 583 2524 α
606 2465 646 2527 68

332 2594 415 2660 ἀλλά
438 2594 641 2662 Ποσειδάων
664 2595 824 2683 γαιήοχος
847 2594 1026 2673 ἀσκελὲς
1049 2594 1117 2662 αιέὶ

332 2692 519 2771 Κύκλωπος
541 2693 740 2775 κεχόλωται·

246 2829 438 2913 ledunc,
473 2829 586 2912 rigide,
620 2828 767 2910 assiduo,
801 2830 952 2894 continuo
980 2829 1020 2895 uf.
1049 2829 1148 2895 schol.
1179 2830 1216 2893 V.
1248 2832 1298 2895 Et.
1327 2832 1369 2896 M.

248 2934 319 3009 154,
343 2930 385 2993 39
408 2923 636 3002 ἀόιαλείιττως
659 2923 716 2989 καὶ
738 2922 821 3009 ἀγαν
845 2925 1015 3011 σφοδρῶς.
1060 2925 1150 2991 Idem
1175 2925 1194 2989 d
1218 2931 1278 2991 543

331 3066 463 3148 μηκέτι,
478 3053 612 3145 Ἀτρέος
634 3059 697 3139 υἱὲ,
721 3057 826 3125 τιολάν
848 3060 969 3143 χρόνον
992 3057 1170 3136 ἀσκελὲς
1193 3058 1299 3138 οὕτως

331 3156 435 3237 κλαῖ’,
457 3156 536 3224 treet
558 3154 617 3222 οόκ
641 3154 756 3222 ἀνοσία
779 3182 854 3222 τινα
877 3157 1020 3242 όηόμεν·

249 3296 347 3361 schol.
366 3296 402 3359 ll.
417 3290 676 3377 ἀμετακικήτως,
700 3289 970 3379 ἀμεταμελητως,
986 3287 1257 3375 ἀμετατρέτττως,
1272 3286 1372 3355 ἀδια-

250 3394 395 3469 λείτττως
418 3392 474 3455 καὶ
498 3396 653 3469 συνεχῶς.

332 3488 532 3555 Αόκθιλιίιιω
555 3487 692 3569 denique
713 3488 815 3553 habes
841 3493 871 3549 T
891 3489 931 3551 68
955 3481 1169 3562 ἀσκελέως
1199 3482 1252 3551 ἀεὶ
1275 3512 1372 3568 μενε-

252 3594 355 3653 αίνειν
389 3605 460 3651 eum
493 3583 592 3650 schol.
622 3583 657 3646 B.
691 3580 763 3648 ἀντὶ
792 3590 851 3649 τοῦ
880 3579 982 3667 ἀχακ
1012 3583 1206 3669 σκληρῶς.
1253 3582 1372 3651 Omnes

251 3685 313 3752 lere
353 3690 480 3749 veteres
513 3688 545 3746 et
576 3681 770 3747 recentiores
805 3682 995 3765 interpretes
1031 3680 1065 3744 in
1098 3700 1136 3746 eo
1169 3684 1373 3748 consentiunt

253 3776 395 3867 ἀσκελης
417 3801 438 3845 a
459 3778 600 3844 torrendi
616 3778 712 3843 verbo
736 3778 886 3843 σκέλλεικ
909 3798 980 3844 esse
1003 3778 1225 3862 derivandum,
1252 3781 1373 3846 dissen-

253 3880 332 3944 tiunt
365 3883 471 3942 autem
505 3896 601 3957 quam
635 3875 774 3940 maxime
815 3874 854 3940 de
887 3876 988 3958 alpha
1019 3875 1163 3958 praefixo
1196 3878 1281 3960 quod
1317 3879 1373 3943 alii

255 3975 464 4059 euphonicum
494 3993 565 4039 esse
593 3974 722 4052 volunt,
756 3971 812 4035 alii
840 3973 1049 4055 privativum,
1084 3973 1138 4037 alii
1167 3973 1370 4053 intensivum,

256 4072 306 4136 alii
326 4070 599 4155 praepositionem
621 4070 672 4135 vel
695 4069 893 4150 loquelarem
916 4071 968 4133 vel
991 4070 1215 4152 separabilem.
1260 4068 1372 4148 Neque

258 4167 399 4249 equidem
430 4166 525 4232 video
553 4187 608 4232 our
637 4166 697 4231 hoc
724 4164 919 4249 adjectivum
942 4186 962 4230 a
985 4166 1134 4231 σκέλλειν
1157 4165 1255 4229 verbo
1278 4170 1310 4227 et
1330 4163 1373 4228 ab

258 4263 412 4347 adjectivo
446 4262 590 4351 σκληρός
618 4283 838 4346 segregemus,
872 4283 942 4328 cum
975 4263 1162 4347 praesertim
1191 4259 1374 4325 Lobeckius
