3575 5334
333 688 394 753 148
509 705 517 721 ·
825 685 965 740 Merzdort

329 884 461 931 monere
489 862 567 928 satis
600 860 721 940 habeo,
754 878 849 924 nemo
871 866 994 941 autem,
1029 868 1063 926 ut
1092 858 1252 925 confidere
1281 860 1373 940 lieet,
1407 880 1458 925 me

331 960 541 1044 vituperabit,
572 956 657 1041 quod
686 959 766 1022 haee
794 959 903 1021 omnia
928 978 993 1023 non
1016 958 1075 1022 sub
1100 982 1130 1022 ει
1153 957 1205 1022 vet
1228 957 1286 1022 sub
1310 982 1342 1043 η,
1373 956 1458 1040 quod

330 1067 498 1140 utrumque
520 1056 580 1121 hoo
603 1080 618 1120 ε
642 1054 804 1137 antiquius
833 1062 881 1119 est
911 1054 961 1129 (oi.
984 1063 1113 1137 praeter
1134 1055 1216 1120 alios
1238 1053 1337 1119 Curtii
1361 1055 1455 1121 Verb.

332 1178 364 1240 p.
387 1159 449 1222 342
465 1175 534 1236 squ.
559 1156 620 1218 352
636 1159 729 1235 squ),
752 1151 898 1217 traetavi.

416 1255 495 1335 Imp.
518 1258 580 1316 aet.
603 1270 687 1334 pers.
710 1269 773 1315 see.
796 1249 878 1331 sing.
895 1249 983 1334 apud
998 1250 1121 1315 Atticos
1143 1251 1175 1315 in
1199 1274 1247 1315 -ει
1272 1250 1348 1332 exit,
1372 1249 1457 1333 apud

231 1370 235 1378 '
331 1349 528 1418 Herodotum
558 1372 591 1413 εε
614 1348 649 1412 in
675 1348 764 1413 hisee
792 1346 948 1412 ostendit:
987 1346 1210 1431 στρατηλάτεε
1234 1348 1250 1412 Ι
1275 1351 1336 1413 124
1368 1348 1396 1411 V
1419 1352 1454 1413 31

331 1448 394 1513 VII
418 1452 447 1512 5.
473 1451 522 1523 10,
546 1450 581 1524 8,
611 1441 752 1526 λιπάρεε
776 1443 802 1506 V
828 1447 876 1524 19,
905 1450 1067 1524 παραίνεε
1091 1445 1170 1509 VIII
1195 1449 1272 1527 143,
1303 1450 1456 1510 συνοίκεε

306 1534 380 1609 'lx
407 1548 462 1607 111
489 1543 572 1618 (bis).
617 1541 682 1607 Sed
710 1561 781 1607 oum
810 1541 843 1606 in
872 1542 987 1608 ceteris
1015 1542 1183 1607 verborum
1213 1544 1246 1608 in
1276 1567 1321 1608 εω
1350 1543 1457 1610 formis

330 1662 404 1707 raro
426 1647 550 1707 tantum
579 1660 635 1721 pro
657 1638 780 1721 ingenti
802 1658 935 1705 numero
957 1640 990 1704 in
1012 1639 1104 1705 libris
1127 1664 1157 1705 ει
1180 1642 1250 1706 loeo
1273 1665 1308 1706 εε
1332 1664 1384 1706 εει
1407 1662 1458 1706 ex·

331 1744 410 1819 stet,
443 1739 477 1802 in
505 1735 694 1820 imperativo
722 1736 844 1800 librarii
873 1744 939 1802 tam
969 1756 1067 1820 saepe
1096 1738 1215 1804 formas
1242 1759 1307 1804 non
1337 1739 1457 1804 solutas

331 1836 480 1916 tradunt,
508 1843 542 1899 ut
564 1833 661 1898 valde
685 1832 843 1915 dubitem,
873 1854 950 1898 num
975 1834 1049 1917 jure
1078 1854 1188 1901 omnes
1211 1835 1252 1901 ab
1282 1835 1457 1901 editoribus

332 1939 474 1998 mutatae
496 1932 575 1998 sint:
597 1928 723 2013 θάρσει
748 1937 796 1995 ter
817 1931 832 1994 Ι
854 1933 882 1994 9.
911 1934 969 1996 120
992 1932 1042 1995 lx
1057 1936 1099 1997 76
1121 1933 1154 1997 in
1177 1933 1334 2012 omnibus,
1359 1922 1457 1998 semel

332 2032 382 2096 III
398 2034 438 2096 85
454 2032 487 2094 in
503 2028 631 2112 optimis
645 2028 711 2089 AB
726 2034 758 2092 et
772 2027 805 2092 in
818 2028 858 2107 R,
876 2025 965 2093 dea
981 2029 1031 2093 III
1048 2033 1087 2093 78
1104 2048 1121 2094 ε
1137 2029 1282 2095 oodioum
1298 2049 1456 2095 eonsensu

331 2129 449 2211 legitur
470 2128 609 2210 itemque
630 2125 733 2209 χώρει
756 2125 850 2205 Via,
874 2123 1000 2212 βοήθει
1025 2127 1173 2192 V11157.
1198 2130 1257 2191 159
1281 2132 1457 2212 (βοηθέειν

331 2225 385 2304 R),
411 2223 578 2305 ὁοσθύμει
594 2224 672 2287 VIII
693 2227 760 2286 too.
798 2222 823 2286 F
826 2223 983 2288 luotuatur
997 2224 1030 2287 in
1047 2229 1144 2289 ποίεε
1160 2230 1272 2303 troiam
1294 2229 1391 2289 ποίει
1412 2231 1459 2290 est

331 2323 365 2387 in
387 2323 479 2386 libris
500 2321 515 2384 Ι
539 2324 568 2403 8,
598 2322 631 2385 in
655 2319 752 2382 ABP
775 2320 789 2383 I
812 2322 889 2399 206,
918 2320 952 2383 in
973 2320 1038 2383 AB
1060 2322 1074 2385 1
1100 2326 1175 2403 140,
1202 2326 1234 2404 13
1264 2326 1363 2387 ποίεε
1387 2323 1458 2388 scri·

332 2419 417 2483 bitur
445 2419 460 2482 I
486 2422 546 2481 124
575 2418 657 2495 (bis).
693 2419 755 2481 209
794 2417 883 2481 Vdd
912 2418 973 2482 VII
1000 2420 1038 2482 18
1076 2418 1153 2481 VIII
1180 2423 1217 2483 10
1247 2424 1393 2496 (ποιέειν
1415 2419 1456 2494 R)

331 2515 380 2581 IX
396 2519 447 2580 91.
483 2516 677 2581 Praevalent
699 2513 827 2596 quidem
849 2515 972 2581 formae
994 2518 1128 2596 solutae,
1152 2515 1209 2582 sed
1225 2516 1322 2582 etiam
1337 2516 1458 2581 formae

331 2618 517 2678 eontractae
540 2611 659 2695 optime
680 2612 891 2694 explicantur.
928 2614 966 2677 In
988 2615 1098 2697 lingua
1121 2614 1205 2679 enim
1221 2614 1345 2696 vulgari
1362 2615 1459 2679 Hero·
1491 2628 1495 2630 ·

334 2708 401 2773 doti
430 2709 624 2791 temporibus
653 2708 723 2775 sine
750 2709 847 2775 dubio
878 2734 911 2775 ετ
937 2710 1006 2792 jam
1035 2714 1068 2776 in
1098 2736 1128 2777 ει
1157 2712 1343 2792 transierat,
1376 2709 1458 2793 quod

333 2806 472 2872 maxime
493 2806 527 2871 in
549 2806 738 2889 imperativo
761 2827 801 2872 ex
824 2807 974 2873 universa
1003 2809 1072 2891 ejus
1101 2816 1215 2873 natura
1241 2810 1360 2873 fastum
1391 2827 1458 2875 esse

333 2902 475 2987 videtur3
505 2924 580 2969 nam
609 2904 662 2985 qui
690 2912 784 2969 rotat
810 2912 841 2970 et
870 2906 1021 2989 imperat,
1051 2907 1190 2970 naturali
1218 2905 1358 2987 quadam
1387 2908 1458 2988 lego

335 2999 430 3065 etiam
453 3002 572 3067 invitus
594 3021 688 3067 voees
711 3002 840 3085 corripit
858 3021 962 3085 neque
980 3001 1152 3068 absurdum
1175 3009 1223 3068 est
1245 3023 1372 3069 sumere
1394 3004 1458 3069 tale

334 3097 410 3180 quid
443 3099 640 3165 Herodotum
674 3099 799 3181 vulgari
835 3118 907 3165 sese
939 3100 1199 3166 aoeomodantem
1233 3102 1374 3165 sermoni
1408 3121 1459 3166 ex-

200 3261 206 3271 ,
333 3196 472 3277 primere
499 3198 656 3277 voluisse,
688 3203 720 3259 ut
748 3198 922 3280 praecipue
950 3217 990 3262 ex
1018 3198 1129 3262 11178
1158 3196 1349 3263 uoneludere
1374 3200 1457 3263 lieet.

332 3293 480 3373 Aoeedit,
512 3294 597 3375 quod
620 3299 747 3377 praeter
777 3292 942 3375 δοςθιῑμει
972 3295 1120 3359 brevi0ra
1147 3301 1270 3360 tantum
1299 3296 1459 3360 voeabula

334 3394 529 3452 contractam
561 3410 639 3473 prae
673 3408 707 3453 se
741 3389 846 3454 ferunt
874 3391 1007 3456 formam
1037 3390 1164 3473 θάρσει
1193 3388 1282 3456 ὤθει
1312 3397 1344 3457 et
1374 3391 1458 3474 quod

333 3504 398 3549 non
422 3485 650 3567 negligendum
672 3483 816 3570 βοήθει,
846 3506 917 3551 eum
944 3488 980 3552 in
1006 3488 1205 3570 longioribus
1232 3488 1457 3575 στρατηλάτεε

334 3588 393 3647 ete.
423 3601 506 3662 quae
533 3583 604 3665 ipsa
632 3589 747 3647 natura
769 3582 813 3647 ad
835 3583 1015 3650 vocandum
1039 3585 1135 3651 etad
1163 3585 1298 3652 celerius
1320 3606 1459 3669 pronun·

334 3677 478 3743 tiandum
501 3681 605 3746 minus
627 3686 703 3762 apta
725 3686 799 3745 sunt
821 3680 929 3763 itaque
950 3683 982 3747 in
1010 3683 1145 3748 lentiore
1167 3702 1293 3764 quoque
1316 3685 1458 3748 oratione

334 3776 452 3840 assumi
476 3785 619 3858 possunt,
643 3796 769 3860 semper
792 3801 826 3842 ee
849 3787 1015 3862 appareat.
1059 3779 1260 3862 Quamquam
1283 3800 1367 3862 quae
1390 3801 1458 3864 pro·

334 3872 442 3954 posui,
479 3893 544 3937 non
581 3875 667 3939 omni
704 3893 744 3939 ex
778 3882 870 3958 parte
902 3883 989 3940 serta
1019 3896 1105 3958 esse,
1143 3896 1208 3941 non
1240 3877 1268 3943 is
1302 3897 1373 3942 sum
1406 3877 1457 3962 qui

334 3967 490 4050 ignorem.

419 4067 458 4130 In
481 4066 628 4130 omnibus
649 4075 755 4133 autem
778 4069 850 4134 aliis
873 4070 982 4135 formis
997 4071 1257 4150 contractionem,
1280 4070 1456 4155 siquando

333 4161 368 4225 in
389 4162 480 4228 libris
495 4164 660 4246 reperitur,
684 4183 755 4228 eum
777 4166 940 4249 plerisque
962 4166 1146 4247 editoribus,
1169 4168 1200 4230 in
1223 4169 1339 4249 quibus
1362 4170 1455 4235 etiam

335 4257 476 4324 Steinius
512 4266 575 4340 est,
614 4260 740 4326 damno.
792 4262 846 4328 Sic
873 4260 1004 4343 αὖχεῑτε
1033 4284 1096 4331 seo.
1129 4283 1211 4346 pers.
1241 4261 1324 4347 plur.
1353 4285 1454 4349 praes.
