3575 5334
408 708 470 771 284
877 714 880 722 '
925 707 1013 763 Caoer

407 904 478 950 cum
512 883 645 966 cogitari
673 901 738 945 uon
771 887 881 963 posset
909 880 952 945 ab
980 881 1052 964 ipsa
1084 881 1195 963 lingua
1223 900 1266 942 oo
1295 881 1329 946 in
1359 901 1397 942 π
1425 880 1532 947 literas

408 983 507 1047 multo
531 979 667 1045 durioris
690 977 760 1044 soni
790 984 930 1043 mutatas
952 996 1038 1057 esse,
1067 977 1114 1043 ita
1141 977 1226 1043 banc
1253 971 1322 1043 reni
1350 997 1386 1043 se
1414 978 1532 1044 habere

407 1079 602 1159 iudicarunt,
632 1082 667 1139 ut
689 1075 801 1156 Attici,
830 1095 1024 1157 quamquam
1046 1075 1170 1158 volgari
1197 1082 1346 1141 sermone
1367 1074 1457 1159 apud
1479 1095 1531 1142 eos

407 1178 485 1253 roffi)
521 1192 649 1257 semper
688 1172 826 1238 usitatae
862 1173 1012 1253 luissent,
1057 1179 1165 1239 tamen
1202 1171 1372 1239 scribendo
1409 1173 1531 1250 Ionum,

407 1274 525 1358 quippe
558 1271 610 1354 qui
648 1276 680 1335 et
716 1288 852 1354 poeseos
889 1277 921 1336 et
956 1290 1072 1353 prosae
1109 1270 1262 1336 orationis
1294 1277 1442 1336 auctores
1477 1269 1532 1335 toti

407 1370 563 1436 Graeciae
585 1367 785 1451 praeiissent,
810 1368 977 1453 exemplar
991 1367 1093 1433 secuti
1115 1389 1158 1431 σσ
1180 1366 1381 1450 praetulisse,
1405 1366 1531 1448 deinde,

407 1488 477 1533 oum
509 1466 572 1550 ipsi
605 1465 639 1529 in
672 1464 742 1531 dies
774 1464 877 1546 magis
910 1466 1025 1530 artium
1059 1472 1091 1531 et
1124 1465 1286 1532 literarum
1320 1465 1532 1548 principatum

407 1569 614 1647 occuparent,
649 1560 692 1626 ad
721 1582 811 1627 suam
840 1561 1025 1645 indigenam
1054 1586 1093 1626 π
1120 1571 1153 1628 et
1180 1562 1475 1645 pronuntiationem
1503 1570 1533 1627 et

407 1658 753 1743 scripturamrediisse
781 1659 918 1742 putandi
940 1659 1014 1726 sint.
1059 1660 1143 1725 banc
1169 1658 1324 1725 rationem
1348 1659 1434 1725 inter
1454 1659 1532 1725 alios

408 1758 556 1841 exposuit
579 1757 892 1841 Grassmannus,
922 1757 1052 1835 ,Ueber
1073 1757 1126 1822 die
1149 1757 1353 1839 verbindung
1375 1757 1435 1823 der
1455 1759 1533 1823 kou-

407 1862 566 1921 sonanten
593 1854 651 1919 mit
677 1854 862 1936 folgendem
888 1854 913 1939 j
938 1855 1005 1919 und
1034 1855 1088 1921 die
1116 1854 1223 1921 davou
1250 1855 1460 1939 abhangigen
1489 1875 1533 1922 er-

407 1953 657 2034 scheinungen“,
690 1953 729 2016 K.
753 1952 788 2016 Z.
814 1951 880 2035 XI,
910 1974 942 2035 p.
966 1956 1006 2017 34
1022 1971 1069 2034 sq.
1098 1953 1157 2019 sed
1185 1952 1338 2034 aliaest,
1369 1954 1404 2017 ni
1432 1953 1531 2035 fallor,

407 2050 568 2117 sententia
599 2049 772 2131 Bergkii
805 2050 945 2126 (Grieeh.
980 2050 1248 2133 Literaturgesch.
1279 2049 1305 2130 Ι,
1335 2053 1407 2131 74),
1446 2051 1531 2117 cuius

408 2148 507 2213 verba
527 2146 575 2211 ita
594 2146 759 2228 intellego,
782 2153 817 2211 ut
838 2153 930 2230 putet
948 2148 1073 2213 Atticos
1095 2149 1243 2230 antiquas
1265 2170 1304 2210 π
1324 2147 1438 2213 literas
1459 2168 1532 2232 pau-

407 2244 498 2309 latim
520 2244 555 2309 iu
578 2264 621 2309 oo
643 2250 800 2325 mutasse,
830 2244 966 2327 deinde,
996 2264 1038 2310 ne
1066 2245 1167 2310 nimia
1192 2251 1277 2310 esset
1304 2244 1532 2328 pronuntiandi

408 2342 569 2421 mollities,
593 2339 737 2406 consulto
755 2341 798 2405 ad
821 2365 859 2404 π
880 2341 1024 2408 rediisse.
1060 2342 1146 2408 banc
1165 2341 1271 2424 igitur,
1295 2359 1379 2422 quae
1401 2361 1438 2409 re
1459 2363 1531 2407 vera

407 2439 533 2519 luisset,
563 2438 867 2521 redintegrationem
897 2439 1053 2522 pristinae
1081 2442 1203 2506 formae
1224 2438 1476 2520 Aristophanem
1503 2445 1532 2505 et

408 2537 561 2619 plurimos
587 2542 731 2601 veterum
761 2536 950 2619 scriptorum
978 2538 1086 2603 statim
1108 2536 1296 2619 arripuisse,
1327 2555 1398 2600 oum
1422 2536 1533 2621 tragici

409 2639 440 2697 et
462 2632 670 2716 Thucydides
697 2633 731 2696 iu
759 2633 934 2700 vetustiore
956 2636 1008 2700 vel
1037 2635 1143 2719 potius
1168 2630 1295 2698 mediae
1316 2632 1436 2699 aetatis
1466 2654 1533 2718 pro·

408 2729 609 2794 nuntiatione
632 2749 674 2792 σσ
697 2738 950 2811 perseverarent.
993 2741 1027 2797 at
1049 2732 1123 2797 huic
1144 2730 1361 2812 explicationi,
1388 2750 1474 2813 quae
1495 2731 1532 2811 ei,

409 2846 503 2909 quam
536 2845 634 2908 supra
666 2825 860 2907 significavi,
896 2848 1026 2911 prorsus
1059 2828 1219 2893 contraria
1246 2833 1278 2892 et
1305 2826 1378 2910 ipsa
1410 2847 1472 2911 per
1501 2848 1533 2894 se

410 2944 522 3008 parum
545 2922 723 3006 probabilis
746 2924 803 3005 est,
827 2926 1005 2991 certissima
1022 2933 1054 2992 et
1076 2923 1335 2991 constantissima
1356 2924 1532 3009 inscriptio-

409 3041 485 3086 num
507 3014 714 3087 vetustiorum
737 3021 935 3087 consuetudo
964 3024 1084 3105 obstat,
1113 3023 1147 3087 iu
1175 3021 1289 3104 quibus
1316 3011 1359 3087 ne
1376 3022 1447 3087 'uno
1470 3024 1533 3107 qui-

409 3119 483 3186 dem
506 3120 576 3185 loco
600 3139 643 3183 oo
665 3138 722 3202 pro
738 3142 775 3182 ττ
796 3119 935 3201 scriptae
957 3127 1031 3185 suut
1052 3119 1114 3186 nisi
1136 3119 1169 3184 in
1191 3117 1375 3184 nominibus
1397 3121 1532 3206 propriis

477 3340 511 3403 2ο)
538 3353 601 3391 uam
623 3336 772 3405 antiquitus
792 3352 826 3387 σσ
844 3342 871 3391 et
889 3355 921 3387 n
945 3338 1007 3406 pari
1023 3338 1083 3392 iure
1100 3352 1134 3391 ex
1152 3338 1182 3406 vj
1198 3336 1240 3390 vel
1256 3336 1286 3405 xj
1302 3335 1344 3389 vel
1361 3335 1423 3392 aliis
1441 3338 1532 3402 literis,

411 3432 596 3486 quaecumque
612 3416 640 3469 in
658 3416 697 3470 eis
720 3417 851 3483 laterent,
878 3417 1082 3472 assimulatione
1107 3422 1155 3471 aut
1177 3415 1327 3484 regresoiva
1343 3421 1393 3468 aut
1409 3434 1531 3487 progres-

410 3499 467 3553 siva
484 3498 572 3551 lactas
591 3511 651 3550 esse
670 3498 713 3550 cui
729 3497 818 3551 minus
842 3502 937 3551 notum
961 3505 1015 3565 est,
1042 3503 1134 3567 potest
1154 3496 1227 3565 apud
1250 3495 1412 3562 Curtium,
1441 3499 1533 3553 Grda³

410 3584 459 3633 614
470 3594 525 3645 sqq.
548 3577 644 3630 harum
669 3578 848 3631 mutationum
871 3578 1005 3631 rationem
1031 3578 1180 3646 expositam
1202 3576 1343 3644 inspicere.
1381 3591 1427 3631 eas
1454 3579 1532 3647 igitur

409 3658 481 3713 solas
501 3674 535 3708 σσ
552 3657 658 3721 literas,
682 3672 751 3724 quae
768 3657 899 3726 pristinae
917 3657 999 3711 alicui
1014 3658 1034 3727 j
1051 3663 1099 3711 aut
1115 3677 1133 3709 f
1152 3658 1322 3721 deberentur,
1338 3656 1369 3709 in
1386 3675 1419 3708 ττ
1437 3659 1532 3721 mutari

408 3737 531 3807 potuisse
557 3740 767 3791 consentaneum
792 3742 841 3791 est.
877 3753 957 3806 quam
975 3738 1010 3792 ob
1033 3754 1090 3792 rem
1107 3738 1364 3792 Halicarnassenses
1383 3752 1401 3791 a
1418 3737 1451 3790 τ’τ
1470 3740 1532 3794 scri·

408 3824 490 3887 ptura
506 3832 618 3885 prorsus
637 3818 798 3885 abhorrent,
822 3818 886 3886 quia
904 3833 1002 3872 nomen
1019 3834 1112 3874 eorum
1133 3816 1450 3887 antiquitus-simplicem
1469 3838 1485 3872 o
1502 3836 1531 3873 er

408 3918 422 3951 τ
440 3898 542 3953 factam
561 3898 604 3965 (cf.
620 3897 832 3970 Ἆλικαρνατέων
849 3898 925 3952 Stud.
943 3899 977 3964 V,
994 3916 1022 3967 p.
1037 3904 1108 3968 264),
1125 3898 1222 3954 habuit
1238 3894 1451 3965 (Ἀλικαριὶάσιοι
1470 3900 1497 3955 O.
1514 3900 1531 3953 i.

407 3981 440 4033 A.
461 3983 519 4044 229,
541 3978 609 4045 rab),
628 3979 699 4033 unde
716 3979 895 4048 geminatione
912 3985 1039 4047 postuma
1056 3979 1159 4034 factum
1177 3975 1449 4050 estidlaopvolooror
1467 3984 1530 4043 t230,

410 4062 467 4112 29¹).
493 4065 554 4124 233,
579 4069 614 4112 1⁰·
640 4064 697 4126 235,
720 4071 774 4113 13⁰.
795 4062 807 4113 ‘l
827 4065 884 4124 240,
905 4064 946 4124 80)
964 4060 1006 4113 vel
1020 4057 1232 4128 Ἁλικαρνασσῆς
1253 4064 1322 4127 (226,
1344 4070 1382 4111 tn.
1406 4064 1530 4125 touta).

408 4156 494 4208 neque
512 4140 578 4195 alibi
601 4154 715 4208 nsquam
733 4158 764 4191 ττ
788 4139 816 4193 in
834 4141 885 4194 hoc
903 4140 1011 4195 nomine
1034 4140 1151 4209 scriptae
1169 4144 1288 4207 exstant,
1315 4141 1355 4195 ita
1379 4144 1412 4195 ut
1429 4142 1531 4209 Berg-

407 4219 484 4273 lrius
506 4220 620 4274 formam
640 4217 857 4287 Ἁλικαρναττεῖς
878 4221 952 4289 apud
974 4236 1053 4288 quem
1076 4225 1193 4274 veterem
1216 4219 1377 4288 scriptorem
1405 4222 1532 4291 repererit

408 4313 534 4353 nesciam.
