3575 5334
413 686 476 748 292
936 657 1023 737 Cauer

500 862 552 924 καὶ
578 860 626 924 ἔτι
648 863 699 941 40,
724 871 762 921 12.
799 861 852 922 καὶ
875 854 931 921 ἐάν
955 869 994 919 13.
1023 851 1078 919 καὶ
1101 852 1223 936 ἒᾶμμέν
1244 866 1284 919 23.
1313 854 1366 918 καὶ
1392 851 1424 918 οἱ
1446 866 1537 917 51.-

414 960 472 1023 τοῦ
497 958 532 1022 δὲ
555 954 656 1022 daton
678 968 702 1023 9.
739 953 821 1039 μήτε
844 949 969 1019 ἀδικεῖν
991 946 1361 1038 μ[ή]ιε,[ἆ1δ[ικεῖσθαι]
1384 963 1425 1013 21.
1462 947 1538 1036 μήτε

415 1052 512 1121 αὐτοί
532 1068 570 1118 37.
620 1052 720 1120 τὰδὲ
749 1049 894 1117 diluat.
939 1048 1018 1136 ddi
1041 1046 1109 1115 ὑπό
1131 1065 1170 1115 lt.
1215 1051 1291 1131 περὶ
1325 1048 1360 1115 δὲ
1389 1044 1539 1132 [Hylono-

415 1152 546 1230 πόλεως
567 1165 606 1216 tt.
630 1187 671 1197 -
695 1170 822 1217 craseos
844 1151 979 1231 nullum,
1003 1150 1146 1215 elisionis
1168 1169 1265 1213 unum
1288 1155 1336 1213 est
1358 1149 1538 1232 exemplum

415 1246 467 1316 ὅτι
491 1248 523 1313 d’
550 1247 588 1315 ἄν
611 1262 651 1315 tt.
800 1264 802 1269 ’

499 1361 566 1426 alia
587 1360 744 1425 nonnulla
766 1359 902 1426 collecta
923 1365 997 1423 sunt
1019 1379 1039 1423 a
1062 1356 1318 1424 Weckleinio
1340 1380 1372 1442 p.
1389 1361 1441 1423 49.
1486 1358 1540 1425 sed

414 1479 495 1543 opus
517 1478 582 1522 non
605 1464 653 1523 est
674 1476 727 1522 me
748 1464 804 1522 aut
831 1456 913 1522 haec
935 1462 1079 1540 repetere
1101 1463 1158 1538 aut
1185 1456 1279 1539 plura
1300 1454 1441 1538 addere,
1471 1460 1541 1540 quia

414 1556 510 1621 facile
531 1556 597 1620 iam
619 1554 826 1637 intellegitur,
856 1554 933 1636 quid
962 1553 1002 1619 de
1023 1559 1089 1618 toto
1112 1552 1173 1618 hoc
1194 1574 1313 1636 genere
1334 1554 1539 1621 iudicandum

345 1654 349 1659 ’
415 1654 466 1732 sit,
489 1652 665 1735 scripturae
687 1652 927 1734 neglegentiam
949 1653 983 1717 in
1005 1671 1043 1717 eo
1066 1651 1166 1715 multo
1188 1653 1261 1734 plus
1282 1652 1426 1719 valuisse
1448 1674 1540 1735 quarn

415 1749 647 1834 pronuntiandi
677 1748 887 1832 diligentiam.
931 1769 1007 1815 nam
1028 1748 1100 1832 ipsa
1129 1750 1392 1832 pronuntiatione
1414 1752 1541 1818 vocales

416 1845 559 1913 elidendi
582 1847 705 1912 Atticos
733 1845 907 1911 admodum
936 1845 1069 1929 cupidos
1098 1846 1195 1913 luisse
1225 1866 1263 1913 eo
1285 1848 1337 1913 vel
1365 1849 1540 1914 certissimo

415 1950 603 2025 argumento
618 1944 829 2026 confirmatur,
853 1944 939 2027 quod
961 1950 1034 2027 post
1048 1951 1176 2009 tenuem
1199 1944 1325 2010 literam
1341 1948 1540 2029 explosivam

415 2047 569 2124 sequente
598 2041 711 2125 spiritu
738 2061 854 2125 aspero
883 2062 1011 2125 semper
1039 2062 1104 2107 non
1133 2042 1235 2105 solum
1258 2041 1350 2115 elisio
1373 2044 1541 2111 scribendo

416 2139 618 2222 exprimitur,
653 2138 711 2205 sed
745 2139 841 2205 etiam
871 2140 896 2201 Η
926 2139 1029 2223 prima
1058 2139 1151 2204 litera
1180 2139 1329 2205 vocabuli
1358 2143 1542 2224 posterioris

416 2236 581 2302 omittitur.
626 2236 712 2302 unde
739 2243 882 2329 apparet¹
902 2236 1061 2321 lapicidas
1083 2236 1206 2302 Atticos
1233 2237 1419 2321 elisionem,
1450 2262 1542 2323 quarn

415 2333 482 2399 fere
504 2353 630 2416 semper
653 2333 699 2399 ita
720 2334 990 2419 pronuntiabant,
1018 2334 1114 2416 volgo
1143 2334 1190 2400 eis
1218 2340 1341 2400 tantum
1370 2338 1450 2403 loeis
1473 2340 1543 2405 sori·

416 2438 511 2513 ptura
533 2429 740 2513 significasse,
764 2431 879 2513 quibus
901 2432 959 2497 illa
980 2432 1188 2497 mutationem
1204 2432 1344 2515 aliquam
1367 2453 1542 2502 consonan·
1590 2456 1592 2460 ·

415 2529 494 2593 tium
517 2526 722 2593 finitimarum
745 2528 912 2594 effecisset.

502 2639 602 2704 multo
632 2639 761 2722 saepius
790 2659 885 2721 quarn
908 2641 991 2705 crasi
1014 2646 1046 2706 et
1068 2639 1203 2706 elisione
1226 2640 1331 2707 hiatus
1353 2642 1542 2727 interposita

416 2759 434 2799 ι
463 2736 715 2819 paragogica
748 2737 886 2803 evitatus
921 2743 978 2802 est.
1023 2735 1064 2802 de
1092 2738 1180 2803 ouius
1214 2744 1329 2803 natura
1361 2746 1393 2804 et
1422 2741 1542 2825 origine

416 2832 547 2898 uberius
569 2833 727 2899 disserere
749 2836 898 2915 quoniam
921 2852 942 2898 a
966 2833 1130 2917 proposito
1153 2854 1224 2900 meo
1252 2855 1382 2918 prorsus
1403 2837 1542 2904 alienum

417 2929 486 3010 fuit,
509 2930 590 2994 nihil
613 2929 702 2995 aliud
725 2932 786 3013 egi,
809 2932 872 2997 nisi
894 2937 929 2995 ut
951 2930 1108 3014 exemplis
1131 2951 1226 3013 quam
1249 2950 1376 3015 possem
1399 2936 1543 3019 plurimis

417 3028 560 3093 collectis
575 3027 789 3110 ostenderem,
813 3035 934 3110 quanta
948 3029 1166 3095 inconstantia
1179 3029 1214 3093 in
1235 3050 1294 3095 usu
1316 3030 1412 3097 huius
1434 3032 1543 3099 literae

394 3111 538 3191 ¹fuisset.
582 3145 657 3191 narn
688 3132 720 3190 et
748 3143 846 3208 saepe
874 3126 995 3192 omissa
1024 3132 1127 3193 estet
1157 3127 1262 3208 posita
1281 3146 1349 3212 non
1373 3148 1462 3210 raro,
1492 3129 1542 3194 ubi

417 3242 497 3306 opus
526 3242 591 3287 non
620 3229 704 3302 erat,
734 3221 811 3304 quin
840 3223 936 3287 etiam
968 3222 1017 3289 bis
1038 3223 1124 3288 intra
1145 3242 1272 3290 versum
1294 3224 1358 3305 ita,
1387 3232 1423 3290 ut
1444 3233 1541 3293 metro

417 3320 570 3385 offectura
597 3319 707 3400 fuerit,
738 3320 765 3384 si
795 3338 830 3385 re
852 3339 929 3385 vera
959 3320 1168 3403 pronuntiata
1193 3328 1287 3388 esset.
1332 3341 1446 3390 versus
1475 3324 1541 3391 dico

417 3414 622 3481 hexametros
644 3416 756 3482 hosce:

500 3554 578 3615 355:
603 3549 834 3635 Kodpaptpag
855 3544 893 3631 μ’
913 3545 1082 3636 ἀνέθηΙκεν
1097 3525 1185 3630 Διὸς.
1204 3552 1414 3635 γλαυκώπιδι
1436 3556 1540 3642 κούρῃ.

461 3650 534 3727 472,
552 3660 581 3712 t:
604 3648 698 3731 Σῆμα
713 3644 790 3713 τόδε
807 3647 924 3712 lividior
940 3650 1102 3728 scaldem)
1125 3648 1287 3734 ἐπέθηκεν
1304 3652 1505 3734 θαιό(ν)ιοι(
1523 3665 1541 3735 l.

417 3787 552 3863 utroque
579 3784 650 3848 loco
673 3809 689 3847 ι
713 3785 911 3868 pronuntiari
934 3805 998 3850 non
1028 3786 1146 3869 potuit,
1176 3805 1271 3868 quam
1294 3788 1335 3852 ob
1359 3809 1426 3855 rem
1450 3810 1543 3857 causa

365 3916 369 3923 -
418 3897 482 3942 non
507 3884 570 3958 est,
600 3898 655 3944 cur
678 3882 824 3947 omnibus
847 3882 961 3947 ceteris
984 3883 1073 3963 locis,
1096 3883 1211 3964 quibus
1233 3891 1309 3950 ante
1330 3898 1542 3954 consonantes

418 3977 523 4058 posita
546 3983 610 4058 est,
641 3997 711 4043 eam
740 3977 979 4061 pronuntiatam
1002 3998 1073 4045 esse
1099 3986 1257 4063 putemus.
1300 3983 1366 4047 imo
1389 4005 1467 4051 vero
1489 3986 1542 4050 ori·

418 4074 525 4154 ginem
560 4073 651 4139 duxit
683 4094 703 4139 a
734 4076 940 4157 neglegentia
975 4076 1034 4141 illa
1066 4077 1295 4160 lapicidarum,
1329 4082 1386 4161 qni
1419 4083 1454 4147 in
1485 4081 1542 4146 fine

417 4177 574 4235 certarum
597 4172 768 4236 formarum
785 4196 801 4236 ν
818 4174 1043 4256 paragogicam
1066 4173 1187 4240 addere
1209 4176 1430 4242 insueverant.
1461 4180 1542 4244 cuius

419 4266 643 4348 neglegentiae
666 4269 745 4334 haee
768 4268 869 4334 habes
892 4272 1057 4353 exempla:
