3575 5334
334 691 394 751 110
850 692 950 747 Olemm

332 864 457 946 fugiunt
479 864 579 929 lorma
601 884 666 930 non
689 864 858 947 explicata.
889 863 924 928 Si
946 868 1048 947 κρίνω
1071 872 1241 948 cognatum
1264 871 1323 947 est,
1346 860 1454 949 ἆ-κρῖ-

332 957 395 1047 fide
418 982 489 1026 oum
511 961 610 1044 alpha
632 961 809 1044 prothetioo
838 982 896 1044 pro
924 961 1120 1048 dopo-foe
1149 982 1221 1030 esse
1247 970 1370 1046 potest,
1399 962 1454 1029 sed

332 1058 456 1126 etiamsi
479 1060 588 1125 nullae
604 1065 711 1125 essent
733 1058 853 1123 formae
873 1056 1087 1141 difficultates,
1110 1059 1290 1125 dubitarem
1304 1059 1347 1125 de
1362 1059 1456 1142 signi·

333 1155 487 1221 fioatioue.
533 1156 619 1222 Sane
641 1156 770 1239 quidem
793 1174 832 1221 ea
853 1156 898 1220 ita
921 1155 1051 1222 defendi
1073 1165 1188 1240 potest,
1211 1163 1246 1222 ut
1267 1176 1365 1223 sensu
1386 1176 1456 1240 pas·

331 1253 400 1318 sivo
428 1252 622 1336 „discretus
652 1257 839 1319 accuratus“
869 1252 966 1319 etiam
997 1253 1038 1319 de
1063 1254 1208 1337 personis
1230 1253 1369 1335 dicatur,
1399 1255 1455 1321 sed

333 1356 462 1434 propter
483 1351 518 1415 id
539 1351 644 1434 ipsum
666 1350 752 1433 quod
774 1371 845 1417 oum
869 1351 910 1416 de
932 1351 1115 1416 hominibus
1130 1357 1196 1416 tum
1213 1351 1255 1417 de
1277 1352 1374 1418 rebus
1397 1352 1455 1418 huo

332 1447 499 1531 epitheton
521 1454 700 1531 usurpatur,
724 1448 907 1531 primariam
931 1448 1094 1514 notionem
1117 1449 1321 1515 verisimilius
1345 1449 1454 1515 estad

332 1564 445 1610 sensus
468 1545 667 1611 referendam
690 1564 878 1627 essequam
901 1545 944 1611 ad
965 1553 1104 1611 mentem
1132 1567 1171 1612 uo
1194 1546 1363 1628 judicium.
1407 1548 1455 1611 lta

331 1642 407 1707 lieet
428 1643 563 1707 fortasse
585 1643 721 1725 κλίμαξ,
753 1642 879 1721 abinoe,
903 1644 1051 1708 Latinum
1074 1645 1169 1706 olivas
1190 1664 1394 1727 comparare,
1423 1650 1454 1708 ut

333 1740 373 1804 sit
406 1736 597 1824 ἄορι-βιοῖς
625 1760 682 1822 pro
712 1736 905 1826 ἀ-κρῑ-ιή-ς
934 1760 997 1806 non
1025 1742 1212 1823 inclinatus,
1248 1749 1371 1824 reatus,
1407 1762 1453 1807 ae·

332 1843 468 1901 duratus.

419 1976 449 2046 5)
488 1968 658 2036 ἄλεισον

332 2106 419 2189 apud
447 2108 619 2172 Homerum
648 2108 733 2173 idem
763 2116 811 2173 est
839 2108 925 2191 quod
955 2109 1071 2185 δέπας.
1115 2110 1223 2175 Sohol.
1246 2112 1273 2175 E
1301 2109 1346 2174 ad
1374 2114 1452 2193 750

331 2206 464 2289 λέγεται
493 2204 531 2269 τὸ
560 2202 725 2289 ποτήριον
759 2202 797 2268 τὸ
827 2203 1006 2287 ἒξεσμένον
1040 2208 1097 2271 καὶ
1124 2206 1214 2271 λεῖον
1242 2202 1330 2270 κατ’
1362 2205 1452 2273 ἐπὶ·

332 2326 453 2368 νασιν
477 2308 536 2368 τοῦ
558 2321 594 2365 ιι·
623 2299 661 2365 τὸ
685 2301 722 2367 δὲ
747 2324 767 2366 σ
791 2301 875 2366 κατὰ
900 2301 1111 2389 monedulam,
1140 2302 1353 2385 Asclepiades
1374 2304 1454 2387 Myr·

331 2401 445 2466 leanus
468 2424 520 2483 ap.
543 2401 618 2465 Ath.
641 2399 690 2464 XI
714 2403 774 2466 783
805 2396 874 2463 ἀπὸ
903 2406 963 2464 τοῦ
986 2396 1087 2483 ἄγαν
1110 2400 1201 2466 λεῖον
1224 2395 1321 2465 εἶναι.
1367 2400 1453 2465 Alias

331 2498 464 2563 aliorum
489 2498 719 2580 explicationes
742 2499 876 2580 praebet
893 2498 943 2561 Et.
958 2497 1000 2561 M.
1017 2501 1067 2578 61,
1093 2501 1131 2562 16
1154 2498 1243 2563 velut
1265 2517 1337 2563 earn
1361 2517 1452 2580 quam

332 2596 540 2677 Apollonius,
575 2595 718 2659 Arohibii
747 2594 778 2676 t,
811 2596 976 2677 proposuit
1012 2590 1148 2658 ἄλεισον
1176 2596 1324 2678 pooulum
1354 2594 1453 2660 eaela-

332 2698 398 2756 tum
420 2693 461 2756 ab
484 2692 583 2773 olpba
606 2693 764 2774 privativo
788 2698 820 2757 et
847 2692 939 2768 λεῖος
962 2692 1167 2758 descendere.
1211 2692 1302 2757 Idem
1325 2691 1455 2758 tradunt

333 2789 440 2872 Apoll.
470 2788 568 2872 s0pn.
593 2792 643 2869 23,
674 2791 702 2871 s,
737 2790 825 2855 nost.
853 2776 944 2869 rasi,
974 2794 1023 2868 ro,
1058 2794 1146 2867 σιν,
1180 2795 1217 2853 ιο
1248 2798 1279 2854 et
1311 2791 1453 2872 plerique

332 2885 526 2951 recentiores
549 2888 581 2950 in
605 2886 689 2952 hane
711 2887 903 2953 senteutiam
925 2887 1082 2952 inclinare
1103 2886 1261 2950 videntur.
1298 2886 1367 2953 Sed
1389 2887 1453 2953 sive

332 2977 468 3048 ἄλεισον
491 2986 639 3066 poculum
662 2986 735 3050 leve
756 2984 816 3048 fuit
837 2985 906 3050 sive
928 2985 1095 3065 caelatum,
1118 2984 1187 3049 sive
1208 2984 1308 3067 alpha
1330 2985 1453 3068 prothe-

331 3080 426 3145 tieum
450 3088 499 3147 est
522 3082 590 3148 sive
612 3082 814 3165 privativum,
838 3082 945 3147 neseio
968 3080 1126 3164 quomodo
1147 3080 1276 3145 -λεισον
1300 3081 1344 3145 ad
1366 3082 1453 3156 λεῖος

331 3179 442 3244 referri
464 3180 573 3262 possit,
598 3181 682 3263 quod
705 3181 810 3265 ipsum
832 3181 873 3245 sit
895 3200 952 3263 pro
974 3179 1122 3254 λεν-ισς
1142 3177 1181 3243 el.
1197 3175 1363 3261 λεο-ρό-ς,
1386 3180 1452 3243 Lat.

332 3276 452 3354 leo-iu,
484 3275 569 3342 Curi.
593 3281 665 3343 367.
711 3278 806 3344 Unde
830 3299 850 3342 σ
872 3275 952 3340 illud
981 3276 1014 3339 in
1043 3274 1126 3340 bane
1148 3275 1282 3340 formam
1305 3273 1452 3358 irrepsit?

332 3372 489 3450 Quoniam
511 3373 545 3438 id
568 3374 709 3440 nondum
732 3376 810 3441 satis
833 3375 1027 3456 explicatum
1051 3380 1114 3454 est,
1143 3372 1243 3436 malui
1265 3374 1451 3438 venabulum

332 3476 474 3533 nestrum
497 3472 580 3536 inter
603 3468 872 3557 ἄνειομολόγησσ
894 3470 1022 3536 referre.

616 3737 686 3801 Vll.
733 3737 897 3803 Desine
922 3731 1173 3799 LEOTIONES.

368 3851 388 3896 ⁹
416 3886 492 3952 Arte
528 3888 637 3954 eritiea
673 3897 708 3954 ut
746 3890 827 3954 nihil
861 3886 1020 3952 diffieilius
1059 3893 1109 3951 est
1144 3886 1184 3951 iis
1220 3886 1275 3967 qui
1309 3888 1378 3952 veri
1412 3886 1454 3949 in·

330 3983 481 4051 veniendi
510 3987 615 4051 studio
637 3986 763 4069 abrepti
793 3984 878 4067 quod
903 3984 965 4049 sibi
993 3988 1223 4066 proposuerunt
1251 3983 1358 4050 aerius
1386 4003 1454 4049 eon·

330 4088 507 4166 sectantur,
535 4084 582 4148 ita
602 4085 661 4148 illa
682 4083 786 4148 rarius
808 4083 969 4147 invenitur
991 4099 1086 4162 quam
1109 4080 1194 4145 aliae
1220 4080 1454 4163 philologorum

331 4180 475 4246 virtutes.
520 4182 603 4246 Nam
626 4181 696 4261 etsi,
719 4188 753 4245 ut
774 4186 859 4244 reete
881 4178 928 4243 ait
949 4177 1130 4259 Madvigius
1151 4175 1277 4242 advers.
1302 4179 1372 4244 orit.
1395 4179 1456 4254 ln,

330 4295 425 4341 nemo
448 4277 628 4362 praeceptis
650 4278 792 4344 oritioam
814 4277 999 4341 facultatem
1015 4283 1047 4341 et
1068 4282 1170 4341 artem
1192 4276 1322 4357 assequi
1345 4281 1458 4360 potest,
