3575 5334
331 691 370 750 74
846 693 946 748 Clemm

329 865 485 932 venerint.
529 864 660 946 Proprie
683 864 767 929 enim
791 870 839 929 cst
866 883 908 939 „a
931 863 991 929 diis
1013 885 1076 929 non
1099 864 1345 948 pronuntiatus“
1368 862 1450 945 quod

329 984 402 1029 mea
424 961 552 1044 quidem
581 960 740 1025 sententia
769 959 939 1042 dupliciter
961 962 1115 1044 explicari
1145 961 1190 1026 ita
1217 966 1322 1044 potest
1351 968 1385 1025 ut
1412 960 1452 1025 sit

330 1067 385 1127 aut
414 1078 476 1137 „ue
499 1058 561 1124 diis
583 1058 711 1139 quidem
741 1058 1019 1141 pronuntiandurs“
1048 1067 1104 1125 aut
1131 1059 1215 1136 „diis
1243 1078 1309 1123 non
1339 1058 1452 1140 proba'-

330 1162 401 1223 tus“
435 1158 454 1221 i.
485 1176 511 1222 e.
543 1176 584 1231 „a
616 1155 678 1219 diis
709 1155 857 1236 vetitusl,
893 1156 977 1234 „diis
1009 1156 1169 1222 odiosus“.
1215 1155 1452 1237 Utramcunqne

330 1257 415 1321 viam
445 1254 568 1334 inieris,
600 1253 694 1318 facile
722 1254 885 1318 notionem
914 1253 1054 1335 infandi,
1083 1253 1231 1318 immensi
1259 1253 1384 1333 elicies,
1420 1260 1453 1317 ut

330 1354 449 1436 optime
466 1351 536 1434 jam
560 1351 770 1415 Buttmannus
793 1352 880 1416 lexil.
906 1351 920 1414 Ι
946 1354 1003 1415 167
1020 1371 1066 1434 sq.
1089 1351 1262 1434 perspexit,
1285 1350 1386 1433 alpha
1409 1351 1453 1413 in·

331 1451 488 1515 tensivum
518 1468 588 1512 cum
617 1453 801 1530 contemptu
824 1447 962 1529 quodam
986 1448 1171 1515 detestatos.
1217 1447 1319 1526 Quem
1343 1465 1453 1511 omnes

330 1547 396 1613 lere
419 1547 611 1611 recentiores
625 1544 755 1609 Homeri
776 1544 967 1627 interpretes
989 1546 1088 1611 secuti
1110 1553 1185 1611 sont
1206 1551 1333 1627 practer
1347 1545 1453 1609 Duen·

203 1700 207 1707 .
332 1651 450 1708 tzerum
472 1642 515 1708 ad
537 1645 631 1705 υ211
658 1643 711 1722 qui
734 1643 832 1725 alpha
855 1661 946 1707 suum
969 1643 1163 1708 intensivum
1185 1642 1343 1724 sibieripi
1365 1641 1452 1706 nullo

333 1749 424 1823 pacto
446 1739 575 1822 patitur.

420 1861 470 1933 le)
508 1852 701 1932 ἄθικτος.

333 1976 471 2059 Hesyeh.
496 1970 656 2039 ἄθικτον·
686 1970 924 2061 ἀψηλάοατον,
953 1973 1085 2055 μιαρόν,
1114 1971 1329 2058 ἀκάθαρτον·
1354 1968 1451 2059 καὶὴ

333 2078 509 2155 παρθένος
532 2070 617 2137 οὕτω
640 2072 771 2154 λέγεται
793 2074 896 2147 (Arar.
920 2091 998 2136 com.
1027 2072 1063 2136 lr.
1086 2073 1118 2135 ΙΙ
1140 2076 1225 2148 tle).
1270 2072 1398 2137 Nodum
1420 2073 1453 2135 in

332 2172 435 2255 scirpo
458 2171 617 2253 quaesivit
639 2170 869 2250 Doederlinus,
900 2190 970 2234 cum
994 2169 1261 2252 simplicissimum
1283 2170 1349 2235 lere
1368 2169 1453 2252 judi·

333 2276 419 2336 earet
441 2269 483 2334 ad
512 2269 612 2350 alpha
634 2268 827 2333 intensivum
851 2267 1021 2349 confugere
1054 2268 1191 2332 maxime
1220 2275 1351 2349 propter
1372 2267 1453 2349 glos-

332 2388 401 2433 sam
423 2364 618 2449 θιγμάτιον·
648 2362 857 2445 μιασμάτων.
903 2364 969 2429 Sed
992 2366 1019 2429 si
1041 2364 1184 2429 Albertio
1207 2366 1379 2429 assentitur
1400 2363 1453 2428 ad·

332 2464 456 2530 notanti
479 2461 563 2545 quod
585 2462 743 2543 impurum
766 2464 807 2526 sit
829 2469 962 2543 tangere
982 2481 1048 2526 non
1073 2461 1178 2541 licere,
1202 2457 1347 2537 ἄθικτος
1369 2469 1454 2527 recte

333 2561 527 2643 explicatum
556 2565 605 2624 est
627 2565 658 2623 et
680 2559 707 2623 si
729 2577 747 2624 e
770 2560 926 2624 contrario
955 2558 1138 2623 memineris
1167 2549 1221 2640 qiri
1248 2558 1371 2640 aliquid
1401 2560 1454 2623 im-

334 2657 404 2741 puri
437 2657 577 2738 tetigerit
616 2657 719 2738 ipsum
753 2653 819 2720 fieri
853 2655 1027 2738 impurum,
1068 2656 1164 2720 etiam
1196 2657 1332 2720 alteram
1364 2657 1453 2720 illam

333 2755 473 2837 glossam
496 2753 652 2817 concedes
673 2753 811 2835 intelligi
840 2772 944 2836 posse.
989 2753 1054 2819 Sed
1076 2773 1140 2817 non
1167 2753 1267 2817 solum
1292 2753 1378 2835 quod
1400 2755 1454 2817 im-

333 2871 447 2937 purum
470 2856 519 2915 cst
541 2856 671 2930 tangere
694 2851 870 2929 nonlicet,
894 2850 1070 2915 sedetiam
1093 2850 1177 2931 quod
1200 2869 1334 2914 sacrum.
1374 2850 1454 2916 lndc

335 2947 454 3031 duplex
476 2946 664 3028 significatio
688 2948 874 3030 explicatur,
897 2949 1025 3031 glossae
1051 2953 1157 3012 autem
1181 2943 1339 3030 ἄφικτόν·
1373 2944 1455 3011 ἀκά-

334 3052 474 3130 θαρτον,
497 3041 639 3128 μισητόν
655 3050 687 3108 el
709 3041 889 3130 ἄφικτρὸς·
914 3041 1121 3126 ἀκάθαρτος,
1144 3042 1266 3124 μιαρός
1289 3046 1386 3109 etiam
1409 3064 1454 3110 se·

334 3143 472 3210 cundum
495 3141 702 3206 novissimum
726 3141 879 3225 Hesychii
901 3141 1055 3207 editorem
1078 3147 1244 3223 corruptae
1266 3148 1349 3206 eunt.

419 3283 471 3355 20)
510 3273 695 3363 ἀίδηλος.

217 3422 223 3430 ’
334 3400 431 3463 Miror
453 3396 537 3479 quod
560 3414 664 3477 neque
687 3394 901 3460 Doederlinus
923 3414 1027 3476 neque
1050 3394 1257 3459 Heuniekeus
1283 3393 1343 3458 hoo
1365 3414 1457 3460 vcca-

335 3496 445 3559 bulum
467 3495 550 3556 inter
573 3493 722 3574 exempla
744 3492 843 3574 alpha
865 3491 1018 3558 intensivi
1039 3492 1175 3572 rettulit,
1206 3491 1266 3557 etei
1285 3491 1356 3573 jam
1378 3491 1457 3556 anti·

335 3592 440 3676 quitus
475 3588 602 3654 fuerunt
633 3589 687 3670 qui
722 3584 742 3652 ἆ
772 3587 1023 3653 {recremanda
1057 3593 1277 3671 agnoscerent.
1329 3588 1381 3654 Sic
1412 3589 1457 3654 in·

336 3695 439 3754 certus
468 3694 576 3751 auctor
611 3684 698 3769 apud
730 3686 884 3771 Porphyr.
918 3685 960 3751 ad
994 3690 1032 3749 A
1058 3690 1116 3748 155
1150 3689 1377 3768 interpretatus
1412 3693 1457 3752 est

335 3781 627 3867 papolddplog
661 3788 692 3848 ct
720 3784 906 3849 Euslethius
935 3782 976 3846 ad
1002 3788 1033 3846 B
1055 3786 1117 3844 455
1150 3780 1188 3845 τὸ
1218 3787 1284 3866 πῦρ
1318 3780 1456 3868 ἀίδηλον

335 3881 442 3947 reddit
485 3881 741 3965 πολυφανές.
801 3880 933 3945 Veteres
977 3884 1084 3943 autem
1126 3879 1341 3962 grammatici,
1380 3900 1456 3946 cum

336 3975 475 4065 ἀίδηλος
515 3998 555 4043 ex
593 3978 692 4062 alpha
733 3977 890 4061 privativo
934 3984 966 4042 et
1005 3974 1120 4062 ἰὸηλός
1164 3983 1310 4042 constare
1351 3997 1457 4044 oense·

336 4084 422 4158 rent,
457 4076 508 4141 vel
539 4072 747 4161 ddploaoro‘g
774 4074 1024 4156 interpretantur
1052 4072 1262 4149 (Aristonicus
1284 4080 1316 4139 ct
1338 4076 1457 4142 Metho-

337 4172 407 4238 dius
436 4194 488 4257 ap.
519 4173 567 4238 nt.
597 4173 637 4237 M.
662 4177 712 4253 41,
744 4174 782 4235 37
815 4178 847 4236 et
877 4175 928 4251 lo,
958 4171 1065 4254 Apoll.
1094 4170 1192 4252 Sepla.
1227 4175 1274 4253 17,
1305 4174 1356 4254 29,
1385 4175 1457 4239 Por·

337 4271 469 4354 phyrius
483 4270 581 4337 schol.
599 4269 641 4333 ad
658 4276 695 4332 A
713 4273 782 4348 155,
804 4267 903 4333 schol.
920 4294 946 4331 π
961 4271 1012 4344 29)
1035 4268 1086 4332 vel
1104 4267 1325 4351 φθοροποιὸς
1347 4271 1455 4349 (schol.
