3575 5334
431 703 492 764 402
949 703 1037 758 Gener

429 881 451 943 l.
474 881 495 944 l.
519 881 576 942 621
603 874 833 943 Kircbbolfium
861 883 988 942 secutus
1016 895 1146 958 prorsus
1173 875 1267 940 aliter
1297 874 1440 957 explicat
1461 882 1548 956 atque

430 996 499 1058 ego,
523 975 564 1040 de
587 995 648 1057 quo
670 982 778 1040 tamen
799 995 863 1038 non
887 993 968 1055 opus
983 979 1031 1038 est
1045 991 1096 1037 me
1113 991 1152 1037 ea
1169 979 1323 1056 repetere,
1347 991 1431 1054 quae
1446 980 1548 1036 contra

429 1074 621 1140 sententiam
651 1069 839 1136 Kirchbolfii
868 1091 966 1154 supra
992 1092 1023 1153 p.
1047 1074 1108 1134 253
1139 1070 1267 1153 protuli.
1311 1069 1452 1151 denique
1480 1089 1549 1133 non·

429 1173 520 1236 nulla
546 1171 670 1234 minora
698 1188 827 1251 prorsus
855 1168 964 1250 omisi,
994 1186 1036 1232 ne
1065 1167 1198 1231 lividam
1221 1167 1383 1249 quandam
1409 1167 1549 1231 Bamber·

429 1270 546 1351 glanae
568 1273 600 1333 et
623 1286 714 1332 meae
737 1285 854 1349 operae
876 1265 1147 1348 comparationem
1168 1264 1322 1330 metuisse
1344 1264 1482 1331 viderer.

515 1372 684 1450 praeterea
716 1363 872 1446 epilogico
906 1363 979 1427 bulo
1014 1364 1146 1446 prologo
1177 1362 1319 1429 inserere
1350 1363 1432 1427 mihi
1461 1362 1550 1428 liceat

430 1462 727 1529 correctionem
756 1461 896 1542 aliquam
923 1461 1072 1526 adrem
1097 1462 1303 1527 metricam
1333 1461 1548 1543 pertinentem.

430 1582 504 1626 nam
534 1578 616 1642 quae
646 1556 680 1621 Ο.
709 1557 730 1622 i.
759 1560 797 1621 Α.
824 1561 886 1623 478
917 1563 1044 1624 exstant
1072 1559 1174 1623 verba
1201 1557 1322 1641 Alr'vr‘q
1351 1556 1429 1621 τόδε
1459 1560 1549 1640 cipro

430 1676 542 1723 versus
563 1656 742 1721 hexametri
765 1661 888 1737 partem
912 1655 1010 1722 luisse
1032 1676 1129 1739 supra
1150 1677 1181 1739 p.
1205 1659 1267 1719 272
1289 1654 1460 1721 affirmavi.
1503 1675 1549 1721 ne-

430 1772 493 1837 que
514 1753 609 1819 aliter
625 1751 842 1817 Kircbholfius'
862 1752 904 1818 de
925 1753 986 1818 hac
1008 1772 1043 1819 re
1063 1753 1225 1820 iudicasse
1246 1752 1382 1834 videtur,
1407 1755 1549 1837 qnoniam

431 1856 464 1916 et
485 1851 559 1916 huic
575 1850 678 1915 versui
695 1849 771 1915 etei
787 1850 841 1931 qui
861 1851 1006 1932 sequitur
1027 1859 1136 1916 notam
1157 1852 1294 1917 lacunae
1315 1852 1492 1917 subiunxit
1523 1857 1550 1916 at

430 1949 547 2015 rectius
563 1948 701 2013 fortasse
714 1947 931 2029 Bergkius,
948 1949 1176 2026 „Griecbische
1191 1950 1549 2031 Liter·aturgescbicbte“

431 2047 456 2127 1,
480 2066 511 2128 p.
531 2049 603 2127 385,
627 2046 712 2111 bunc
733 2046 860 2111 titulum
883 2047 931 2112 eis
952 2048 1098 2113 versibus
1120 2047 1346 2114 vetustissimis
1367 2048 1550 2112 adnumera·

430 2144 486 2225 vit,
509 2143 563 2225 qui
584 2144 676 2209 brevi
697 2143 810 2209 ordine
831 2152 887 2208 ant
908 2145 1115 2228 anapaestico
1137 2146 1339 2228 paroemiaco
1361 2151 1419 2209 ant
1440 2145 1551 2210 omissa

430 2241 579 2306 anaor-nsi
601 2240 791 2325 logaoedico
812 2241 1025 2307 eontinentur.
1062 2262 1157 2325 quam
1178 2244 1372 2308 sententiam
1396 2262 1436 2307 eo
1460 2244 1552 2308 liber·

357 2417 361 2426 ,
424 2339 494 2405 tius
515 2341 701 2423 amplector,
724 2338 825 2421 quod,
852 2359 923 2403 cum
946 2339 1021 2406 talis
1046 2360 1158 2406 versus
1179 2348 1211 2406 et
1232 2357 1318 2395 rc:
1336 2384 1357 2393 -
1373 2359 1428 2397 τε
1446 2384 1467 2396 -
1484 2369 1506 2403 v
1526 2347 1550 2405 et

431 2452 487 2496 rc
505 2482 525 2489 -
543 2451 595 2490 :c
612 2479 633 2489 -
651 2464 673 2497 v
700 2434 833 2503 formam
862 2436 1029 2502 metricam
1065 2438 1186 2503 habere
1206 2431 1341 2520 possit,
1382 2436 1494 2523 Αἰνέᾳ
1522 2438 1549 2502 in

432 2532 555 2619 Αἰνείᾳ
577 2534 691 2616 corrigi
715 2552 848 2600 necesse
869 2543 1010 2601 nonest.
1046 2554 1152 2617 neque
1174 2535 1316 2601 enimin
1338 2537 1442 2603 altero
1464 2556 1549 2603 versu

436 2631 600 2713 Τιμοκλῆς
621 2627 782 2716 ἒπὲ[θηκε
802 2631 903 2697 thesis
925 2632 1018 2715 primi
1041 2632 1135 2714 pedis
1156 2634 1254 2713 longa
1270 2634 1401 2717 syllaba
1416 2634 1548 2700 efficitur.

518 2734 679 2811 postremo
708 2730 778 2793 loco
805 2729 1119 2795 commemorandum
1142 2738 1191 2796 est
1212 2752 1243 2814 p.
1267 2734 1330 2796 284
1352 2752 1383 2796 v.
1411 2737 1449 2799 18
1477 2742 1549 2795 oete

432 2845 501 2888 ram
529 2844 587 2909 pro
617 2835 794 2888 ceterorum
823 2844 931 2892 errore
959 2828 1192 2911 typographico
1222 2828 1362 2911 positum
1391 2849 1466 2895 esse
1493 2849 1547 2894 non

433 2922 502 2988 sine
523 2923 631 3005 aliquo
655 2921 771 2988 damno
793 2924 984 2990 sententiae.
1012 2938 1014 2942 ’

891 3176 1017 3255 Orrur
1048 3180 1096 3255 V.

673 3345 731 3410 Db
754 3345 1081 3414 DEOLINATIONE
1105 3347 1319 3414 NOMINUM.

521 3503 549 3562 1.
593 3498 632 3562 ln
660 3498 1023 3566 terminationibus
1052 3500 1277 3583 singularis
1299 3506 1456 3570 numeri
1479 3504 1550 3588 pri·

434 3612 532 3676 mae,
561 3612 645 3676 quae
672 3598 767 3678 volgo
795 3596 925 3676 dicitur,
955 3590 1251 3664 declinationis
1279 3622 1300 3663 α
1329 3599 1462 3683 longam
1484 3608 1549 3681 etq

433 3693 562 3757 vocales
594 3710 659 3755 non
691 3694 757 3757 alia
791 3694 916 3758 ratione
945 3695 1034 3777 apud
1066 3697 1189 3761 Atticos
1221 3697 1411 3778 antiquioris
1442 3698 1551 3766 aetatis

434 3794 604 3869 usurpatas
625 3808 696 3856 esse
717 3810 812 3871 quam
832 3791 920 3873 apud
942 3811 998 3857 eos
1019 3794 1199 3875 scriptores,
1222 3814 1354 3875 quorum
1378 3796 1453 3861 libri
1475 3814 1550 3862 nunc

433 3889 579 3965 exstant,
602 3903 699 3967 supra
719 3886 783 3950 iam
806 3888 933 3952 ostendi
954 3908 993 3954 eo
1016 3891 1136 3973 capite,
1159 3911 1222 3973 quo
1245 3890 1285 3956 de
1307 3892 1446 3975 singulis
1467 3912 1551 3959 voca·

433 3981 517 4046 libus
545 3981 624 4046 mihi
651 3983 812 4065 agendum
833 3983 908 4067 fuit,
938 4006 970 4068 p.
993 3990 1056 4051 ‘244
1076 4006 1145 4069 sqq.
1189 3988 1246 4053 ubi
1272 3988 1307 4052 id
1335 4008 1464 4074 quoque
1491 3992 1549 4076 iam

433 4085 712 4144 commemoratum
734 4090 792 4160 est,
815 4101 941 4148 errasse
963 4103 1033 4165 eos,
1057 4085 1111 4167 qui
1132 4104 1252 4168 paucas
1273 4105 1357 4168 quae
1379 4088 1443 4156 huo
1463 4087 1548 4173 perti·

434 4181 513 4241 nent
538 4176 657 4241 formas
684 4184 845 4261 tamquam
873 4180 1012 4262 vestigia
1032 4181 1121 4247 Iadis
1148 4184 1304 4265 paulatim
1331 4186 1367 4250 in
1390 4186 1546 4251 Atthidem

432 4291 471 4336 se
491 4273 646 4338 mutantis
671 4283 743 4340 esse
764 4278 945 4342 voluerunt.
