3575 5334
738 688 772 742 de
791 688 905 744 dialecto
924 691 1095 775 herodotee
1412 693 1472 757 203

342 867 461 933 simum
484 860 596 927 ionum
618 860 754 946 scriptis,
785 860 963 945 dequibus
987 864 1163 931 Bredovius
1185 887 1217 950 p.
1241 872 1281 933 50
1297 888 1365 951 squ.
1388 869 1472 935 bene

343 961 495 1046 exponit,
523 959 606 1027 teies
627 959 749 1027 formae
771 967 922 1043 acceptae
944 960 1117 1043 fuerint⁴¹),
1150 971 1181 1029 et
1211 971 1409 1051 quantopere
1438 968 1471 1031 hi

344 1061 538 1146 posteriores
560 1058 762 1139 antiquorum
781 1078 880 1141 opera
894 1080 981 1124 nova
994 1060 1186 1127 inculcando
1208 1068 1241 1128 et
1262 1062 1470 1131 immiscendo

343 1156 620 1244 perturbaverint,
649 1162 759 1222 notum
782 1158 823 1222 sit
851 1158 991 1239 itemque
1016 1166 1156 1237 constet,
1187 1160 1302 1242 quibus
1329 1162 1470 1229 tenebris

343 1276 419 1323 rere
442 1256 651 1339 hippocrates
671 1254 777 1321 adhuc
799 1254 912 1320 obruta
934 1256 1008 1336 sint,
1031 1276 1073 1322 ne
1094 1257 1152 1322 illa
1169 1257 1297 1339 quidem
1320 1262 1470 1343 exempla

341 1353 648 1439 ophilosophorum
663 1358 696 1417 et
718 1352 912 1421 medicorum
935 1354 1086 1437 operibus
1108 1355 1298 1440 deprompta
1320 1358 1406 1421 omni
1428 1378 1469 1423 ex

342 1460 435 1538 parte
463 1456 553 1517 certa
579 1449 657 1514 mihi
685 1468 757 1516 esse
779 1450 929 1516 videntur
950 1471 1055 1534 neque
1076 1453 1249 1520 absurdum
1273 1463 1321 1520 est
1348 1475 1469 1538 ponere

342 1570 465 1617 morem
496 1550 588 1614 illum
621 1548 722 1615 verbe
752 1548 786 1613 in
819 1572 868 1612 αιο
899 1569 940 1616 ex
971 1551 1122 1633 analogia
1154 1552 1323 1617 verborum
1356 1554 1387 1618 in
1423 1578 1467 1618 εω

341 1646 491 1716 flectendi
515 1655 642 1731 praeter
663 1653 776 1731 poetas
798 1648 997 1714 aveteribus
1019 1649 1151 1714 Ionibus
1173 1650 1302 1716 omnino
1326 1652 1468 1716 alienum

342 1767 429 1831 esse;
460 1746 547 1828 quod
567 1744 610 1810 ad
636 1743 862 1811 illustrandum
886 1746 1046 1812 Lucienus
1069 1745 1227 1812 dedomo
1250 1752 1290 1813 20
1313 1749 1468 1815 adhiben-

343 1844 400 1912 dus
424 1852 482 1926 est,
506 1844 561 1926 qui
583 1842 921 1929 Herodotumbfolmas
942 1842 1087 1909 τουτέων
1110 1852 1142 1911 ct
1164 1851 1357 1929 προτιμέων
1380 1867 1468 1912 usur·

341 1949 473 2027 pontem
505 1941 596 2025 iacit,
629 1948 663 2007 ut
696 1940 854 2024 quomodo
887 1941 946 2005 illa
972 1943 1081 2007 omnia
1109 1943 1141 2007 in
1172 1949 1293 2009 textum
1326 1944 1467 2028 irrepere
1582 1954 1586 1960 ‘

341 2040 520 2124 potuerint,
549 2040 699 2123 cognosci
726 2038 835 2121 possit.
882 2039 1048 2104 Nescimus
1070 2040 1165 2122 igitur
1187 2062 1288 2124 usque
1310 2042 1353 2107 ad
1380 2044 1466 2108 hunc

342 2138 441 2220 diem,
474 2137 624 2220 qualibus
651 2137 776 2219 legibus
799 2137 912 2201 Ionum
934 2137 1131 2202 consuetudo
1159 2176 1200 2183 —
1225 2140 1321 2205 etiam
1344 2141 1371 2205 si
1394 2160 1465 2206 eam

343 2237 473 2303 omnino
495 2235 594 2301 fuisse
616 2233 765 2300 concedis
787 2269 828 2279 —-
851 2234 884 2299 in
907 2234 957 2299 his
979 2235 1086 2300 verbis
1107 2259 1128 2297 α
1151 2243 1226 2301 ante
1248 2260 1266 2300 ο
1288 2261 1314 2300 ω
1331 2262 1369 2301 ου
1391 2239 1426 2302 in
1449 2264 1464 2304 ε

341 2333 486 2399 mutandi
508 2326 871 2416 circumscripta'iuerit,
893 2332 1002 2413 itaque
1024 2352 1064 2397 ex
1086 2332 1260 2398 ionicorum
1278 2336 1465 2418 scriptorum

340 2431 483 2515 reliquiis
510 2429 706 2496 herodoteae
733 2430 849 2494 rationi
879 2423 1100 2496 enucleandae
1134 2431 1289 2498 auxilium
1318 2435 1463 2499 arcessiri

339 2529 483 2595 nondum
505 2532 620 2615 potest.

424 2626 536 2691 Nihilo
557 2626 631 2710 plus
650 2624 785 2691 subsidii
799 2625 1076 2707 grammaticorum
1099 2635 1271 2712 praecepta
1292 2630 1464 2713 praebent3

337 2746 420 2808 quae
454 2724 508 2808 qui
541 2730 660 2789 certam
692 2723 852 2805 regulam,
886 2724 979 2790 nobis
1014 2726 1264 2809 observandam,
1300 2728 1464 2793 continere

338 2829 463 2907 putant,
485 2822 520 2887 in
542 2821 682 2886 maximo
703 2828 873 2887 versantur
893 2841 1010 2888 errore.
1041 2824 1133 2906 Nam,
1157 2832 1191 2889 ut
1212 2827 1360 2911 exemplo
1382 2833 1463 2909 utar,

336 2922 438 2988 verba
471 2919 616 3002 Gregorii
650 2918 805 2984 Corinthii
838 2920 967 3002 saepius
1001 2921 1074 2986 huic
1105 2924 1283 3004 quaestioni
1317 2923 1463 2989 adhibita

326 3040 365 3103 .p.
390 3022 471 3085 397:
507 3018 546 3081 τὸ
577 3011 668 3101 ὃρυὶω
699 3011 785 3102 ὁρέω
815 3016 951 3100 λέγουσι
973 3020 1030 3083 καὶ
1052 3017 1090 3081 τὸ
1115 3018 1273 3104 έχρώοντο
1304 3018 1458 3103 ἐχρέοντο

336 3136 467 3199 prorsus
488 3115 569 3182 nihil
592 3114 710 3196 valent,
736 3134 806 3179 cum
830 3134 933 3197 neque
955 3135 1034 3197 quos
1055 3116 1152 3182 Iones
1173 3116 1339 3199 significet,
1362 3119 1462 3183 addat

330 3222 366 3281 et
388 3214 554 3299 ἐχρέοντο.
577 3213 664 3297 apud
688 3214 882 3279 Herodotum
911 3212 1040 3295 quidem
1071 3214 1199 3278 omnino
1228 3214 1342 3278 falsum
1366 3216 1408 3279 sit
1430 3222 1461 3280 et

333 3312 534 3395 antiquiores
560 3312 713 3378 Herodoti
741 3310 868 3378 codices
897 3311 1111 3393 magistellum
1145 3310 1356 3395 Byzantinus]
1390 3332 1461 3377 cum

334 3416 444 3477 aetate
467 3415 533 3474 tum
555 3409 743 3476 auctoritate
766 3410 863 3493 longe
885 3416 1054 3493 superent-‚1
1076 3408 1198 3474 Eodem
1213 3409 1309 3473 modo
1324 3429 1366 3475 ne
1388 3410 1461 3475 huic

332 3507 465 3591 quidem
497 3508 629 3590 regulae
660 3506 792 3574 Ioannis
821 3506 1028 3572 Grammatici
1061 3507 1195 3572 multum
1229 3507 1325 3573 tribui
1357 3514 1462 3593 potest

334 3625 365 3688 p.
389 3609 469 3671 374:
504 3603 566 3681 τὰς
595 3602 645 3682 εἰς
673 3611 737 3670 -ιῦν
765 3603 933 3691 ληγούσας
961 3603 1105 3687 μετοχὰς
1133 3600 1203 3669 ἀπὸ
1232 3611 1293 3693 τῆς
1323 3603 1460 3691 πρώτης

333 3702 494 3787 συζυγίας
522 3708 588 3767 τιῦν
610 3707 881 3788 περισπωμένων
910 3708 1093 3787 γενομένας
1117 3750 1248 3768 ......
1269 3702 1458 3787 διαιροῦσιν

325 3796 447 3877 Ἴωνες.
483 3800 618 3887 φρονῶν
641 3806 804 3886 φρονέων.
838 3804 929 3883 βοῶν
953 3799 990 3866 δέ
1014 3797 1073 3865 οὐκ
1097 3798 1213 3867 ἐθέλει
1236 3799 1459 3886 διαιρεῖσθαι.

401 4053 435 4119 ⁴²)
458 4049 498 4106 Cf.
523 4051 591 4106 Luc.
615 4050 640 4106 d.
665 4050 690 4106 d.
713 4051 740 4106 S.
758 4052 891 4122 χρέονται
913 4058 932 4107 l.
958 4058 974 4106 4
998 4052 1147 4122 (χρέωνται
1165 4056 1211 4118 53,
1232 4050 1390 4121 χρεώμενος
1407 4057 1459 4118 55),

332 4132 486 4187 διαιτέοντο
513 4135 561 4199 26,
587 4129 762 4192 ἐξαπατέοιτο
787 4137 827 4199 27,
856 4132 978 4204 φοιτέων
1004 4138 1034 4189 15
1063 4137 1168 4198 [contra
1191 4129 1325 4200 βιώμενος
1350 4136 1400 4196 18),
1426 4132 1459 4186 dc

329 4214 426 4270 αοέοαΙ.
445 4213 572 4285 τιμέουσι
592 4218 614 4278 1,
632 4214 770 4283 τιμέοντες
786 4218 824 4281 ts,
844 4211 971 4284 ἐχρέοντο
988 4220 1013 4270 t.
1032 4219 1073 4281 23,
1087 4211 1237 4283 χρεόμενος
1254 4218 1293 4267 15.
1313 4216 1353 4275 19,
1372 4208 1459 4281 ὁρέων

328 4300 373 4363 21,
390 4294 585 4365 πλανεομένων
605 4298 644 4349 11.
664 4298 696 4349 24
714 4296 772 4363 (sed
790 4294 942 4349 occisiones
963 4297 1033 4358 1911,
1056 4295 1186 4362 διψῶσαν
1203 4298 1256 4359 it).
