3575 5334
655 704 687 758 de
706 704 821 758 dialecto
840 702 995 757 herodotea.

511 979 531 1057 ξ
557 982 583 1042 1.
629 978 678 1043 De
701 1001 718 1040 o
741 985 817 1042 ante
840 978 985 1043 vocalem
1009 985 1146 1043 servato.
1188 1002 1192 1011 ¹

348 1112 467 1176 Tribus
490 1114 688 1194 potissimum
707 1113 789 1177 locis
812 1114 877 1177 tale
900 1137 918 1176 o
942 1112 1111 1178 usuvenit

423 1210 438 1273 l
461 1210 494 1273 in
517 1210 724 1275 commissura
745 1209 914 1275 verborum

407 1306 439 1370 II
461 1307 545 1372 inter
566 1308 699 1391 stirpem
722 1313 754 1371 et
776 1306 1033 1373 terminationem

387 1404 437 1468 III
459 1404 543 1468 iuter
565 1402 705 1469 radicem
728 1410 760 1468 et
782 1403 939 1467 suffixum.

815 1576 841 1638 Ι.

349 1708 399 1771 De
428 1704 496 1788 νιρό
525 1726 698 1787 numquam
726 1727 797 1773 oum
827 1708 974 1791 sequenti
999 1699 1121 1788 roeali,
1152 1708 1392 1790 qualiscumque

264 1812 321 1885 est,
344 1811 506 1869 contracto
523 1804 592 1886 jam
616 1802 693 1868 dixi.

350 1908 425 1965 oet
447 1925 479 1965 ει
507 1902 540 1965 in
569 1902 776 1967 commissura
805 1904 975 1967 verborum
1006 1903 1032 1966 si
1062 1908 1267 1983 concurrunt,
1302 1922 1392 1967 num·
1435 1972 1442 1988 ⁸

265 2018 360 2079 quam
389 1998 634 2080 contrahuntur,
664 2017 728 2080 qua
755 2000 789 2063 in
817 2019 851 2063 re
879 2001 992 2081 lingua
1020 2019 1146 2063 summa
1173 2000 1291 2080 agebat
1318 2020 1392 2065 cou-

265 2095 440 2169 stantia⁴⁷):
469 2090 734 2178 ἀνθρωποειδέα
756 2096 787 2160 ΙΙ
809 2100 859 2163 86.
885 2101 955 2174 142,
978 2092 1176 2179 τραγοειδής
1198 2096 1231 2160 ΙΙ
1256 2100 1315 2161 170
1339 2096 1390 2165 (ci.

265 2192 410 2273 Theogu.
432 2212 463 2256 v.
487 2196 528 2274 7),
549 2192 829 2279 χερσονησοειδές
853 2192 915 2258 VII
939 2196 990 2274 22,
1017 2191 1231 2273 ἰχθυοειδέος
1255 2193 1315 2257 VIl
1339 2196 1390 2276 61,

265 2287 447 2375 μηνοειδής
469 2290 501 2353 ΙΙ
523 2294 563 2354 32
587 2290 632 2353 lV
658 2294 728 2354 191.
772 2290 811 2354 In
835 2313 871 2355 οε
895 2297 1000 2356 autem
1024 2289 1199 2355 fluctuatur.
1245 2289 1391 2355 Solutum

265 2384 394 2469 quidem
422 2386 540 2469 legitur
568 2388 602 2452 in
633 2382 829 2468 ὁμοεθνέων
852 2388 868 2449 Ι
890 2389 928 2449 91
962 2388 1014 2462 (de
1044 2386 1147 2464 ἔθνος
1173 2388 1260 2452 vocis
1283 2394 1391 2471 etymo

266 2491 295 2549 et
318 2503 401 2566 quae
423 2483 519 2548 fuerit
541 2485 658 2549 extrita
680 2485 822 2567 spirans,
848 2482 990 2549 nondum
1013 2489 1166 2568 constat),
1196 2509 1392 2572 τριηκοντυ·

265 2580 380 2657 έτιδας
403 2581 464 2645 VII
489 2586 549 2645 149
573 2582 881 2669 (τριηκοντοέτιδας
905 2583 1006 2661 de),
1029 2584 1062 2647 in
1085 2584 1173 2648 hisce
1196 2584 1390 2667 compositis

265 2698 397 2759 quorum
420 2679 523 2744 attera
546 2700 621 2763 pars
642 2700 752 2745 vocem
777 2678 873 2763 ’ἔργον
897 2679 1038 2745 continet
1061 2681 1110 2758 (ot.
1128 2680 1241 2745 Grdz.3
1258 2702 1288 2766 p.
1308 2686 1390 2763 171),

265 2772 479 2859 ἀγαθοεργός
500 2776 515 2839 I
531 2780 581 2855 67,
606 2773 835 2862 ἀγαθοεργίαν
852 2778 902 2842 ΙΙΙ
920 2781 991 2858 160,
1014 2784 1048 2841 ut
1064 2779 1159 2844 etiam
1176 2779 1226 2842 ΙΙΙ
1244 2784 1392 2843 ibicum

264 2872 330 2934 PR
351 2864 577 2956 ἀγαθοεργίαι
600 2875 802 2940 scribendum
824 2875 883 2956 sit,
913 2895 983 2939 cum
1006 2876 1242 2941 Antiatticistae
1271 2877 1390 2951 (Bekk.

264 2968 377 3035 anecd.
395 2971 409 3032 Ι
424 2991 455 3053 p.
469 2973 519 3049 78,
540 2975 589 3042 14)
613 2972 777 3037 adnotatio
801 2969 1050 3055 ἀγαθουργίαν·
1069 2968 1250 3053 Ἡρόδοτος
1266 2971 1390 3058 πρώτην

263 3064 303 3129 ad
327 3066 491 3130 formam
520 3069 609 3132 verbi
639 3069 721 3134 nihil
743 3072 852 3134 valeat
880 3069 932 3144 (ot.
955 3069 997 3133 ib.
1021 3070 1037 3132 Ι
1059 3090 1089 3150 p.
1114 3072 1184 3148 209,
1209 3073 1228 3131 4
1258 3067 1391 3153 ἀγαθο-

264 3167 358 3246 εργοέ
380 3160 466 3228 εἰσιν
489 3162 522 3228 οἱ
538 3162 575 3229 ἐκ
591 3172 656 3229 τιῦν
674 3166 807 3232 ἱππέοιν
824 3164 972 3245 ἐξιόντες
994 3160 1040 3240 ιῦς
1052 3161 1233 3245 Ἡρόδοτος
1250 3190 1279 3228 κ.
1290 3185 1318 3229 τ;
1330 3168 1389 3250 λ.);

265 3258 466 3345 δημιοεργός
495 3262 557 3326 Vll
580 3254 629 3326 314
649 3263 800 3345 traditur,
831 3269 942 3327 contra
963 3261 1008 3325 IV
1033 3266 1092 3326 134
1125 3260 1327 3346 δημιουργός
1355 3256 1390 3327 in

262 3357 353 3421 libris
383 3364 446 3438 cst,
476 3358 561 3439 quod
585 3379 695 3425 omnes
720 3361 789 3443 jam
820 3366 1025 3425 correxerunt
1052 3378 1109 3427 suo
1133 3358 1222 3441 jure,
1256 3378 1326 3423 cum
1355 3361 1390 3424 in
1451 3411 1453 3414 .
1535 3356 1537 3362 ’

263 3474 326 3519 uno
350 3454 527 3538 eodemque
554 3456 652 3520 verbo
677 3458 873 3522 Herodotum
900 3457 961 3521 sibi
984 3476 1048 3520 non
1071 3456 1250 3521 constitisse
1271 3476 1391 3541 nequa-

263 3570 359 3633 quam
381 3552 468 3624 credi
489 3554 599 3635 possit.
644 3541 777 3619 Accedit
799 3549 1013 3638 λυκιοεργέας
1035 3554 1103 3622 Vll,
1122 3558 1171 3635 76,
1197 3555 1282 3635 quod
1304 3576 1392 3622 nuuc

262 3648 304 3712 ab
327 3649 474 3713 omuibus
496 3657 657 3732 receptum
674 3658 731 3732 est,
755 3671 947 3733 quamquam
963 3650 1078 3714 ABCd
1089 3652 1270 3741 λυκεργέας
1293 3673 1389 3719 sensu

262 3764 394 3824 carena,
424 3745 511 3809 Pas
540 3747 654 3812 falsum
684 3749 886 3833 λυκοεργέας
915 3750 1086 3833 praebent;
1118 3774 1130 3813 ι
1160 3750 1245 3814 enim
1275 3749 1408 3828 λύκιος’

261 3841 350 3905 vocis
373 3842 475 3924 omitti
498 3864 562 3907 uon
586 3844 691 3909 debet.

349 3938 469 4003 Contra
491 3964 529 4005 ου
552 3948 748 4007 contractum
764 3943 865 4009 habes
885 3944 917 4008 in
942 3943 1045 4009 hisce:
1068 3950 1260 4025 πατροῦχυς
1277 3945 1321 4009 VI
1337 3950 1388 4028 57,

331 4136 364 4199 Π)
383 4134 612 4189 'terminationem
635 4137 719 4201 -υδης
740 4139 813 4194 velut
835 4135 994 4209 ψαμμώδης
1011 4139 1038 4192 II
1057 4143 1088 4191 32
1106 4138 1145 4192 lv
1164 4143 1210 4192 191
1230 4139 1264 4192 al.
1283 4154 1400 4207 uon-ext

258 4212 364 4275 μήδεο
393 4217 559 4269 contractam
586 4232 644 4270 esse
670 4221 697 4270 et
723 4217 810 4273 forma
838 4225 865 4274 et
892 4218 1053 4287 significatio
1081 4219 1180 4272 docent
1204 4218 1238 4272 of.
1261 4218 1328 4273 Lob.
1352 4218 1388 4273 ad

259 4294 365 4347 Buttm.
384 4293 411 4347 II
428 4310 455 4361 p.
474 4301 532 4362 450,
556 4296 669 4350 Ktihner
686 4313 724 4365 gr.
742 4316 781 4368 gr.
801 4300 826 4352 Ι2
844 4317 870 4368 p.
893 4305 939 4353 111)
958 4306 1013 4352 not.
1032 4303 1055 4350 2.
