3575 5334
331 697 394 759 366
826 698 972 753 Bechstein

330 872 451 937 habere
467 869 699 950 consuevimus,
723 869 780 935 sed
797 870 888 934 saiso.
926 869 1132 952 Partieipium
1156 869 1240 935 euim
1256 870 1346 935 verbi
1367 890 1453 954 posse

330 968 505 1033 secundum
535 967 718 1048 analogiam
748 968 987 1051 participiorum
1018 966 1168 1037 obs-ens,
1199 988 1379 1049 prae-sens
1399 968 1452 1033 ior·

330 1065 482 1129 mondum
512 1072 596 1128 erat:
630 1061 805 1146 *pot-sens
835 1072 866 1129 ot
893 1065 1058 1129 literarum
1089 1074 1101 1124 t
1129 1071 1162 1129 ot
1188 1086 1204 1125 s
1226 1065 1452 1130 assimilatione

331 1163 416 1227 iacta
437 1160 591 1244 *perseus
614 1171 660 1235 (ut
681 1164 714 1228 in
733 1182 870 1246 possum,
890 1164 1009 1244 possim
1034 1168 1087 1225 ott.
1111 1181 1152 1226 ex
1173 1160 1342 1243 *pot-sum,
1365 1159 1451 1240 *pot-

331 1262 410 1336 sim).
449 1260 562 1343 Neque
583 1281 659 1327 vero
683 1266 828 1344 apparet,
856 1279 911 1323 our
933 1278 1075 1323 oonsona
1096 1280 1112 1320 s
1134 1267 1207 1342 post
1229 1269 1244 1320 t
1265 1258 1452 1336 deleatur¹').

333 1360 380 1421 Ao
405 1359 511 1439 potius
541 1365 622 1441 part.
645 1358 737 1423 vorbi
764 1355 899 1440 *potore
929 1356 1109 1422 ducendum
1138 1363 1195 1421 est.
1241 1355 1342 1437 Cujus
1370 1355 1450 1421 verbi

331 1475 407 1518 num
431 1456 568 1537 vestigia
589 1456 656 1520 alia
678 1474 750 1521 sese
773 1454 910 1520 offerant
932 1473 1134 1537 quaeramus.
1171 1452 1266 1531 Quod
1289 1472 1332 1518 ex
1350 1453 1451 1536 lingua

332 1552 435 1616 latina
456 1572 601 1635 promam
623 1553 704 1617 nihil
727 1552 848 1633 habeo;
872 1560 907 1617 at
929 1552 961 1616 in
985 1552 1097 1633 lingua
1118 1570 1193 1616 osea
1215 1550 1349 1633 legitur:

373 1649 495 1732 pseud,
518 1648 605 1715 idem
628 1648 786 1732 signifieat
808 1649 893 1731 quod
914 1651 970 1714 lat.
989 1651 1091 1732 possit

370 1745 508 1829 purione,
532 1746 617 1812 idem
641 1747 726 1829 quod
744 1748 875 1830 possint,

332 1862 464 1925 quorum
491 1843 605 1926 petrau
631 1843 823 1910 conferimus
852 1865 923 1909 oum
956 1845 1013 1910 lat.
1041 1841 1201 1926 *pote-at,
1230 1842 1362 1925 potions
1388 1862 1448 1908 oum

331 1938 506 2023 *pote-aot,
531 1962 626 2023 quum
645 1943 742 2023 stirps
759 1942 836 2025 putri
854 1950 1009 2025 congruat
1024 1961 1094 2007 oum
1117 1941 1172 2005 lat.
1188 1937 1299 2023 *pote
1314 1961 1379 2005 non
1393 1940 1447 2005 aiio

333 2038 428 2102 modo
452 2059 546 2119 quam

375 2158 438 2214 oso
461 2136 578 2199 lllrr‘tud
597 2158 668 2202 oum
690 2139 746 2202 iat.
770 2139 872 2199 lico-to

408 2274 417 2283 -
452 2234 575 2317 fotium
635 2273 646 2283 -
717 2272 728 2282 -
761 2234 884 2315 soto-ri

408 2370 418 2380 ·
463 2332 595 2415 hosio-st
637 2370 648 2379 -
720 2368 733 2378 -
777 2330 963 2409 liobe-bar).

417 2430 538 2507 Quodsi
561 2430 737 2496 Oorssonus
759 2430 837 2510 (11²,
862 2432 933 2493 731.
959 2431 1032 2504 732)
1051 2426 1192 2509 judioat:

373 2527 487 2610 petriad
507 2529 592 2593 idem
616 2526 794 2609 essequod
817 2527 871 2590 lat.
891 2526 1070 2608 potiamur),

372 2624 501 2706 potiens
530 2625 615 2690 idem
638 2624 722 2707 quod
746 2625 953 2707 potientur),
981 2630 1017 2703 pt
1045 2622 1141 2704 stirps
1163 2640 1227 2686 osc.
1249 2624 1329 2705 poti
1346 2622 1449 2689 eadem

335 2721 376 2785 sit
398 2740 436 2784 ao
459 2721 513 2785 lat.
535 2725 630 2804 port,
655 2722 724 2805 ojus
746 2721 967 2786 auctoritatem
990 2721 1079 2801 sequi
1102 2740 1166 2783 non
1192 2739 1340 2802 possum,
1364 2738 1450 2803 quuro

334 2816 470 2883 eandem
486 2820 631 2884 vocalem
653 2820 668 2880 ί
687 2819 769 2884 alias
790 2818 833 2882 ad
848 2819 949 2883 verba
970 2818 1003 2881 in
1021 2817 1192 2901 oporteat,
1215 2818 1298 2882 alias
1313 2818 1347 2881 in
1361 2818 1453 2883 verba

335 2916 367 2979 iu
391 2922 408 2977 ἒ
430 2914 571 2991 (lr'lre'tud,
593 2916 731 2999 sutiam,
765 2915 891 2999 hafiesr,
923 2915 961 2979 of.
984 2916 1049 2996 112,
1080 2918 1151 2979 290.
1176 2918 1250 2993 732)
1279 2915 1451 2981 adhibitam

336 3032 415 3088 osso,
438 3014 472 3077 in
496 3013 626 3078 dubium
651 3033 770 3078 vocem.
817 3013 930 3093 Neque
951 3032 1027 3078 vero
1050 3011 1136 3094 quod
1157 3012 1199 3076 ab
1222 3012 1337 3078 eadem
1361 3014 1452 3096 stirpe

334 3110 365 3173 in
394 3112 505 3196 lingua
528 3132 604 3176 osea
625 3112 757 3176 verbum
781 3111 813 3174 in
837 3131 868 3181 e,
899 3110 933 3173 in
956 3110 1057 3175 latina
1079 3110 1211 3174 verbum
1233 3110 1267 3174 iu
1291 3111 1306 3171 i
1326 3111 1452 3195 (poti-m)

337 3207 516 3273 derivatum
539 3209 590 3290 sit,
615 3208 769 3289 estquod
792 3208 952 3272 miremur.
997 3207 1043 3272 Oi.
1068 3207 1169 3272 onim:

377 3326 440 3371 oso.
464 3307 781 3370 censa-mur21at.
805 3294 979 3367 oerore-nim

407 3441 419 3449 -
463 3424 617 3465 emese-um
666 3436 705 3455 =
750 3442 761 3450 -
806 3414 942 3465 censo-re

408 3538 420 3548 ·
463 3510 621 3562 censo-zet
665 3532 708 3549 =
751 3538 762 3548 -
807 3500 982 3562 censo-bunt

333 3598 425 3663 Illius
447 3598 544 3680 igitur
565 3597 655 3662 verbi
677 3596 811 3681 *potore
833 3596 1042 3679 significantis
1067 3605 1172 3679 potem
1194 3616 1262 3658 esse
1283 3599 1337 3663 vei
1357 3618 1451 3682 posse,
1510 3679 1511 3682 Ἴ

406 3816 436 3879 ¹⁸)
454 3818 485 3867 ut
502 3814 544 3868 vel
561 3814 691 3882 Boppius‚
708 3828 746 3883 gr.
766 3830 853 3882 comp.
871 3814 939 3881 IH2,
958 3817 974 3881 ξ
994 3817 1041 3867 781
1062 3828 1135 3878 anm,
1153 3816 1169 3879 ξ
1188 3817 1237 3867 785
1258 3814 1372 3869 censuit

407 3895 437 3959 ¹⁹)
456 3894 496 3947 Oi.
514 3894 742 3960 oorssenum112‚
758 3898 822 3949 290:
842 3895 902 3956 „die
920 3894 1166 3963 imperativformen
1184 3894 1334 3949 altoscisoh
1351 3893 1453 3957 lilcae'tad,

334 3974 494 4029 neuosoisoh
513 3974 609 4029 licitad
625 4002 657 4021 ω
676 3975 723 4028 lat.
742 3976 820 4029 liceto
839 3975 992 4043 vergliehen
1014 3976 1064 4029 mit
1084 3974 1188 4040 cro-tad,
1211 3974 1326 4044 fac-tud
1341 3976 1453 4043 geheren

335 4056 424 4110 sicher
448 4056 495 4109 der
518 4055 733 4123 e-conjugstion
751 4070 794 4109 an.
830 4056 887 4110 Das
906 4056 1000 4109 altose.
1018 4056 1067 4108 hat
1085 4055 1143 4110 also
1162 4055 1189 4108 in
1210 4054 1312 4109 lilcirud
1329 4054 1377 4109 das
1395 4069 1452 4108 aus·

334 4135 461 4189 lautende
486 4146 501 4188 a
525 4136 598 4189 eines
621 4136 841 4189 verbalstammes
865 4153 900 4190 zu
924 4136 984 4189 dem
1007 4136 1152 4189 mittellaut
1173 4135 1311 4189 zwisohen
1334 4152 1350 4189 e
1372 4132 1455 4190 unds'

335 4213 488 4281 modificirt,
507 4215 554 4269 der
570 4216 606 4268 im
624 4216 765 4270 osoisohen
783 4216 869 4270 durch
887 4217 900 4267 ί
915 4216 1074 4270 bezeichnet
1090 4214 1193 4282 wirdss'
1217 4216 1250 4268 In
1268 4216 1385 4270 eundem
1401 4215 1453 4270 fere

335 4292 443 4345 modum
460 4295 582 4362 disputat
599 4296 632 4350 de
650 4296 747 4351 ceteris
765 4296 871 4351 duobus
889 4297 978 4351 verbis
996 4296 1059 4362 (Πῖ,
1078 4299 1137 4362 331,
1156 4300 1215 4361 345,
1235 4300 1304 4361 737).
