3575 5334
553 728 586 783 de
603 729 719 784 dialecto
735 729 828 785 Attica
844 731 999 786 vetustiore.
1025 732 1061 785 ΙΙ.
1234 799 1238 803 .
1307 736 1370 799 403

332 904 360 963 2.
404 900 508 966 Aliter
535 907 641 966 autem
675 902 776 985 primo
806 903 918 968 obtutu
945 923 997 969 res
1024 923 1060 970 se
1093 905 1212 973 habere
1243 909 1372 975 videtur

245 999 278 1062 in
313 998 466 1064 dativis
499 998 682 1082 pluralis,
709 1001 863 1066 numeri
892 1002 1078 1085 stirpium
1107 1003 1144 1068 in
1173 1026 1192 1066 ο
1221 1011 1259 1070 et
1280 1007 1321 1072 in
1349 1032 1371 1073 α

246 1096 491 1162 exeuntium.
534 1097 706 1162 formarum
730 1099 824 1181 enim,
855 1118 939 1180 quae
960 1099 994 1163 in
1016 1100 1247 1182 antiquissimis
1268 1104 1371 1172 titulis

246 1192 359 1259 Atticis
382 1195 502 1277 passim
525 1196 736 1278 reperiuntur,
763 1197 797 1261 in
819 1217 916 1274 -οισι,
946 1218 1045 1274 -αισι,
1075 1220 1158 1282 -ῃσι,
1188 1221 1272 1283 -ησι,
1296 1205 1370 1266 -ᾶσι

246 1291 462 1357 desinentium
491 1294 665 1375 pleraeque
693 1293 726 1357 in
758 1293 894 1359 dialecto
917 1294 1030 1359 Ionica
1056 1302 1112 1360 aut
1139 1297 1228 1362 solae
1254 1299 1288 1363 in
1310 1320 1370 1366 usu

246 1395 321 1454 suut
335 1395 391 1453 aut
405 1395 490 1455 certe
508 1390 637 1473 saepius
659 1398 821 1472 ponuntur
835 1411 933 1473 quam
955 1392 1117 1458 breviores
1139 1400 1171 1458 et
1193 1404 1369 1462 ceterarum

247 1486 454 1551 dialectorum
477 1487 580 1568 magis
603 1488 761 1570 propriae,
784 1488 952 1570 inquibus
975 1488 1115 1555 riualis
1138 1491 1277 1557 evanuit.
1307 1512 1371 1575 qua

246 1604 280 1650 re
312 1590 482 1667 postquam
515 1584 820 1665 Kirchhoifius,
855 1586 1124 1669 ,Bemerkungen
1158 1609 1196 1652 nu
1228 1588 1292 1654 den
1320 1611 1370 1656 ur*

247 1682 380 1748 kundcn
410 1681 467 1747 der
492 1681 728 1747 schatameister
750 1682 807 1747 der
828 1683 973 1749 anderen
994 1688 1119 1766 gitter“
1144 1684 1191 1758 (in
1212 1704 1372 1753 commen·

245 1780 419 1845 tationibus
441 1779 629 1845 academiae
647 1779 877 1856 Berolinensis)
900 1802 931 1864 p.
948 1785 1047 1863 26sq.
1069 1788 1195 1865 tempus
1216 1783 1370 1866 definivit,

246 1898 308 1961 quo
334 1877 496 1960 longiores
523 1877 645 1942 formae
673 1877 872 1944 brevioribus
900 1899 1030 1961 prorsus
1051 1879 1186 1945 cessisse
1206 1882 1372 1962 putandae

247 1982 370 2057 essent,
400 1974 682 2040 Weckleinius
706 1974 777 2039 Gur.
801 1975 900 2057 epigr.
923 1997 956 2058 p.
979 1980 1081 2058 5sqq.
1110 1978 1289 2044 accuratius
1317 1998 1370 2046 ex·

246 2073 369 2155 plicare
402 2071 538 2153 studuit,
571 2092 633 2153 quo
665 2071 760 2137 mode
788 2073 821 2136 in
850 2073 902 2137 his
930 2071 1039 2137 formis
1066 2092 1170 2138 sermo
1198 2076 1323 2143 Atticus
1350 2097 1371 2143 a

247 2171 407 2236 communi
433 2188 580 2235 sermone
602 2169 716 2234 Ionum
745 2170 863 2235 sensim
892 2177 1078 2252 segregatus
1106 2172 1156 2236 sit.
1201 2191 1275 2238 nam
1298 2193 1370 2240 cum

246 2268 279 2332 iu
303 2266 445 2333 secunda
468 2266 684 2333 declinatione
705 2266 786 2333 ratio
808 2289 896 2331 -οισι
919 2274 951 2332 ct
972 2288 1041 2343 -οις
1062 2268 1303 2353 terminationes
1324 2270 1370 2335 di·

247 2365 431 2447 stinguendi
453 2365 532 2431 satis
553 2364 690 2448 simplex
712 2366 762 2448 sit,
786 2385 826 2431 ea
847 2364 977 2446 scilicet,
1000 2371 1035 2429 ut
1056 2386 1144 2428 -οισι
1165 2365 1287 2432 formae
1308 2369 1371 2451 pri·

246 2463 351 2528 atinae
380 2463 476 2528 etiam
504 2463 537 2525 in
567 2463 669 2528 titulis
698 2463 812 2527 Atticis
839 2462 1063 2528 vetustissimis
1091 2482 1194 2545 pauca
1221 2464 1371 2548 exempla

247 2560 468 2641 remanserint,
490 2560 524 2623 in
547 2560 651 2643 prima
673 2559 888 2625 declinatione
911 2559 997 2625 haud
1020 2579 1123 2642 parva
1137 2558 1307 2627 difficultas
1329 2581 1370 2628 ex

246 2656 451 2721 multitudine
478 2656 677 2723 diversarum
706 2657 878 2722 formarum
900 2656 1114 2739 antiquiorum
1143 2657 1250 2739 oritur,
1280 2679 1371 2741 prae

247 2755 357 2821 sertim
379 2774 451 2818 eum
472 2754 556 2820 duae
578 2774 619 2820 ex
645 2755 707 2836 eis,
737 2777 826 2819 -arcc
849 2761 881 2819 et
902 2776 993 2831 -ασι,
1022 2753 1064 2818 ab
1089 2754 1161 2836 ipsa
1183 2755 1263 2821 lade
1284 2776 1371 2839 pror·

246 2872 300 2918 sus
333 2852 462 2917 alienae
494 2851 567 2917 sint.
622 2873 717 2935 quam
754 2851 972 2918 difficultatem
1006 2850 1226 2917 Weckleinius
1258 2853 1304 2918 ita
1335 2874 1371 2921 se

246 2949 361 3015 tollere
389 2968 484 3031 posse
499 2999 501 3003 v
517 2955 639 3033 sperat,
674 2958 709 3015 ut
735 2950 902 3033 pristinam
936 2954 969 3015 et
997 2948 1137 3012 Ionicam
1172 2954 1205 3013 et
1230 2951 1370 3016 Atticam

246 3047 380 3112 formam
409 3047 511 3112 solam
540 3069 615 3131 -ῃσι
644 3048 743 3112 fuisse
765 3053 893 3114 statuat.
939 3057 1019 3109 eam¹
1032 3044 1160 3127 proprie
1182 3046 1290 3111 Attica
1311 3055 1372 3114 ter·

247 3144 424 3209 minatione
444 3165 534 3208 -αισι
557 3146 724 3227 expulsam
740 3164 826 3227 esse3
849 3143 907 3208 sed
928 3143 962 3206 in
984 3141 1109 3223 volgari
1130 3161 1277 3208 sermone
1298 3149 1372 3226 post

247 3240 566 3325 consonantesque
602 3244 666 3318 (vel
699 3245 784 3326 -ησι)
818 3237 1018 3323 aliquamdiu
1051 3238 1258 3323 remansisse,
1298 3249 1372 3323 post
1462 3322 1464 3326 ι

247 3340 378 3405 vocales
400 3344 506 3405 autem
530 3362 621 3417 -ασι,
644 3342 760 3406 extrita
783 3364 794 3404 ι
816 3337 921 3404 vocali
947 3356 988 3402 ex
1009 3356 1099 3398 -αισι
1121 3334 1255 3415 factum,
1283 3358 1371 3403 usur·

248 3441 358 3519 patum
382 3456 462 3502 esse.
507 3460 596 3502 -αισι
619 3438 738 3504 deinde
761 3439 794 3521 in
817 3459 888 3511 -αις
910 3439 1088 3516 correptum
1111 3440 1175 3513 est,
1206 3433 1292 3515 quod
1313 3456 1372 3517 per

247 3553 283 3600 se
304 3534 541 3615 intellegitur¹).
566 3561 603 3580 —·
627 3543 661 3600 at
675 3536 749 3600 huic
763 3532 971 3618 explicationi
987 3550 1051 3596 non
1075 3550 1178 3613 pauca
1193 3537 1267 3595 sunt
1289 3550 1372 3613 quae

319 3685 336 3747 ¹)
364 3683 550 3740 Weckleinius
575 3685 628 3739 hoc
649 3700 763 3753 prorsus
786 3686 879 3739 eadem
902 3684 993 3737 aetate
1015 3680 1119 3734 factum
1142 3694 1202 3734 esse
1228 3680 1372 3748 existimat,

246 3780 301 3834 qua
320 3783 387 3816 -οισι
405 3765 433 3819 in
450 3783 503 3822 -οις
520 3769 653 3820 mutatum
671 3764 748 3827 siti.
767 3781 790 3820 c.
808 3766 863 3819 iam
881 3767 945 3818 ante
962 3761 1004 3816 Ol.
1023 3765 1064 3825 90,
1089 3774 1167 3828 quem
1184 3760 1326 3815 terminum
1342 3762 1372 3816 in

248 3846 314 3900 solis
338 3845 528 3900 traditionibus
547 3851 720 3913 quaestorum
741 3845 812 3899 inter
835 3844 967 3913 ταμίασιν
984 3846 1013 3895 et
1029 3845 1141 3908 raptate
1159 3838 1246 3894 fuisse
1267 3842 1373 3896 ridetur

248 3932 354 3994 putare.
391 3942 454 3980 nam
473 3926 560 3993 „quod
579 3930 641 3979 ante
659 3925 699 3980 Ol.
718 3929 750 3978 90
773 3925 925 3998 terminatio
948 3941 1002 3979 -αις
1019 3936 1073 3975 non
1091 3919 1194 3988 pariter
1209 3920 1319 3975 inventa
1337 3923 1373 3977 sit

248 4022 282 4060 ac
300 4005 453 4060 terminatio
473 4024 534 4064 -οις,
560 4006 587 4059 id
606 4007 682 4060 casui
699 4004 872 4058 tribuendum
892 4010 968 4058 esse“
990 4001 1063 4055 dicit.
1098 4003 1128 4053 at
1151 4000 1277 4067 quoniam
1300 4020 1372 4054 -αισι

249 4089 335 4139 torma
354 4087 427 4154 apud
444 4084 551 4140 Atticos
574 4101 629 4140 non
649 4101 735 4155 aeque
759 4088 866 4139 vetusta
889 4085 943 4139 luit
959 4087 1041 4150 atque
1058 4095 1126 4131 -orcr
1149 4077 1236 4134 forma
1253 4082 1372 4137 omnium

249 4166 418 4221 Graecorum
436 4166 598 4233 communis,
623 4166 749 4221 facillime
772 4165 832 4219 fieri
849 4165 952 4234 potuit,
977 4167 1009 4217 ut
1030 4161 1116 4214 forma
1140 4160 1276 4227 antiquior
1295 4161 1372 4230 priua

248 4262 330 4315 quam
348 4247 435 4300 altera
453 4248 643 4315 corriperetur,
662 4265 729 4298 -οισι
746 4246 849 4301 scilicet
865 4246 942 4315 prius
959 4246 988 4298 in
1006 4262 1058 4300 -οις
1076 4260 1157 4312 quam
1175 4259 1245 4293 -αισι
1262 4242 1291 4296 in
1309 4260 1371 4299 -ara

248 4334 367 4382 ceterum
386 4326 491 4395 singula
507 4327 604 4381 harum
620 4327 800 4381 mutationum
817 4325 943 4394 exempla
959 4323 1032 4377 infra
1049 4322 1169 4378 elimam.
