3575 5334
690 686 734 748 ,de
752 687 835 753 alpha
852 688 992 741 intensive.
1370 684 1410 745 63

286 857 410 923 Sanscr.
435 857 524 920 cubis
546 859 677 923 Ebelius
700 866 732 923 et
746 859 853 923 Ascoli
877 864 1063 923 statuerunt.
1097 857 1161 922 Sed
1185 866 1408 940 praeterquam

286 953 367 1036 quod
397 975 524 1019 summa
553 957 699 1021 cautione
729 976 809 1038 opus
838 963 886 1021 est
919 956 951 1019 in
982 953 1212 1020 transferendis
1245 957 1409 1040 particulis

286 1052 457 1117 Senseritis
479 1053 520 1116 ad
550 1052 631 1118 alias
657 1054 800 1134 linguas,
832 1072 849 1117 e
877 1054 981 1117 lexico
1003 1053 1242 1135 Pctropolitano
1273 1059 1410 1136 apparet

286 1147 371 1211 lubrie
393 1168 503 1213 veram
527 1168 597 1214 esse
619 1149 762 1213 formam.
795 1151 842 1214 Ac
857 1169 899 1213 ne
914 1148 1102 1230 significatio
1124 1149 1252 1230 quidem
1268 1155 1351 1227 ,ex“
1366 1151 1410 1215 ad

287 1246 392 1310 omnia
426 1247 576 1328 exempla
610 1247 762 1329 quadrat:
798 1248 958 1328 corripiam
992 1254 1027 1310 ut
1055 1246 1179 1311 Curtius
1211 1250 1269 1309 195
1302 1254 1411 1312 monet

286 1362 346 1407 non
363 1349 415 1407 eet
432 1343 588 1423 „exitus“,
612 1343 792 1406 vestibulum
808 1365 871 1409 uon
894 1344 922 1408 is
944 1343 1042 1421 locus,
1066 1344 1119 1407 ubi
1143 1364 1182 1408 ex
1205 1343 1340 1409 aedibus
1356 1364 1409 1408 ex·

287 1447 361 1505 eunt
392 1441 539 1505 homines
567 1440 625 1506 sed
654 1461 716 1521 quo
745 1441 939 1505 conveniunt
967 1441 1133 1504 introituri.
1184 1441 1288 1505 Aliam
1321 1442 1408 1505 viam

289 1537 426 1615 lickius,
450 1540 513 1602 lex.
540 1537 671 1619 Indog.²
697 1543 769 1617 400,
794 1538 902 1601 13759
925 1538 1088 1619 ingressus
1110 1560 1146 1600 oc
1168 1540 1237 1602 sive
1258 1559 1315 1599 cue
1337 1557 1407 1602 cum

288 1634 402 1699 Latina
417 1634 639 1715 interjectione
654 1656 711 1696 coc
725 1634 923 1716 comparavit
939 1654 1021 1715 quae
1043 1636 1128 1700 inest
1142 1636 1237 1700 etiam
1254 1635 1287 1698 in
1309 1636 1407 1700 verbo

289 1732 421 1797 Gothico
443 1730 673 1815 cui-fuirlrcjun
703 1738 735 1796 et
763 1751 833 1795 cum
856 1730 998 1813 praefixo
1021 1733 1128 1815 stirpis
1151 1733 1320 1797 nominalis
1343 1734 1408 1795 cci·

289 1828 400 1913 dddjrm
428 1830 602 1895 sceleratus
637 1830 687 1905 (cf.
715 1829 811 1893 etiam
840 1829 915 1912 cuju
942 1829 975 1892 in
1003 1829 1230 1913 cuja-merjau,
1260 1830 1331 1893 sim.
1355 1849 1408 1910 ap.

289 1926 320 1990 L.
343 1927 519 2009 Meyerum,
543 1926 583 1990 de
604 1927 683 2008 ling.
708 1926 802 1990 Goth.
825 1947 857 2008 p.
882 1930 953 2008 354,
977 1928 1038 1989 692
1061 1948 1107 2009 sq.
1131 1935 1163 1991 et
1184 1935 1250 1990 ant.
1267 1934 1403 2009 septeni.

288 2024 388 2085 ccsoell
408 2023 539 2103 infelix,
568 2023 716 2086 cc-soeldlz
745 2023 936 2091 calamitas).
982 2023 1048 2087 Sed
1070 2024 1146 2088 licet
1173 2025 1294 2088 formae
1323 2025 1409 2089 inter

288 2139 318 2185 se
345 2121 556 2200 conveniant,
585 2141 765 2203 repugnare
792 2119 1056 2201 significationem
1086 2141 1125 2184 ex
1152 2121 1191 2185 iis
1215 2140 1297 2202 quae
1318 2131 1408 2186 ante-

288 2216 402 2281 cednnt
437 2218 642 2300 intellegitur.
705 2218 817 2300 Itaque
858 2218 952 2281 tertia
991 2218 1114 2298 reliqua
1147 2224 1195 2281 est
1235 2219 1406 2299 explicatio

288 2312 407 2397 Ourtio,
437 2315 558 2398 Pettio,
587 2313 781 2394 Ribbeckio,
805 2315 877 2378 aliis
900 2315 1035 2396 probata
1057 2318 1127 2396 lqua
1149 2314 1307 2396 particula
1328 2336 1365 2376 cc
1387 2336 1407 2379 a

287 2412 522 2495 praepositione
550 2413 676 2478 Sanscr.
706 2413 740 2473 ci
766 2412 893 2476 diversa
922 2432 985 2475 non
1019 2411 1068 2476 sit.
1114 2411 1216 2492 Hujus
1244 2413 1407 2493 praeposi-

287 2509 379 2574 tionis
402 2510 572 2591 multiplex
594 2530 670 2574 usus
692 2516 758 2588 est,
788 2529 862 2573 nam
892 2528 962 2572 cum
986 2509 1027 2572 ab
1056 2509 1144 2571 initio
1170 2509 1405 2590 separationem

287 2606 443 2689 exprimat
462 2614 497 2670 ut
517 2606 639 2669 videmur
662 2606 731 2670 sine
746 2606 904 2688 cupidine,
928 2604 1050 2687 adeleita
1067 2607 1136 2670 sine
1157 2607 1270 2687 gloria,
1294 2607 1406 2687 cipetra

286 2702 352 2767 sine
374 2704 493 2785 virtute
501 2750 509 2784 ,
533 2702 700 2785 paullatim
727 2722 832 2786 paene
853 2702 885 2765 in
908 2702 1110 2782 negationem
1134 2703 1228 2766 abiit:
1266 2702 1406 2765 viltrumu

285 2799 475 2865 intermissio
514 2800 742 2881 grammaticae
782 2799 968 2863 mutationis
998 2798 1107 2860 lcrumn
1145 2820 1227 2882 quae
1265 2811 1406 2865 vocatur.

287 2896 466 2979 Separandi
501 2915 629 2962 sensum
665 2897 786 2961 babent
817 2895 963 2958 albereda
998 2896 1166 2975 discessio,
1206 2898 1318 2978 siphno
1353 2899 1405 2979 qui

287 2994 445 3077 derumpit
466 2994 541 3074 alq,
564 2993 674 3056 videro
699 2993 888 3074 destructor,
918 3012 977 3057 nec
1001 2994 1191 3075 penetrandi
1216 2994 1405 3074 significatio

286 3089 389 3156 deest:
412 3092 535 3153 crimene
556 3091 759 3173 permetiens.
799 3088 936 3155 Omnino
959 3109 1029 3153 cum
1053 3090 1260 3154 mutationem
1283 3093 1336 3154 vel
1361 3092 1406 3154 di·

285 3186 467 3251 versitatem
490 3186 619 3266 indicet,
643 3187 684 3250 ad
708 3187 950 3269 depravativum
969 3187 1129 3266 quendam
1145 3206 1274 3250 sensum
1298 3187 1406 3251 delabi

285 3283 425 3349 ridetur:
462 3283 574 3347 vilare
595 3285 743 3364 mutatio,
773 3282 935 3345 alderman
957 3285 1039 3347 actio
1062 3282 1224 3347 abnormis
1250 3284 1270 3347 i.
1294 3302 1321 3347 e.
1344 3284 1406 3347 illi-

286 3380 354 3461 cita,
377 3381 453 3459 alia,
480 3400 518 3446 ac
540 3402 581 3445 ne
603 3381 680 3463 quid
702 3381 800 3459 desit,
831 3381 979 3462 exprimit
1002 3381 1086 3461 quod
1109 3380 1238 3444 modum
1262 3381 1404 3470 excedit:

285 3476 442 3539 amabant
468 3479 652 3544 immensus.
696 3479 764 3542 Hoc
786 3497 828 3541 ne
856 3478 927 3559 quis
955 3478 1094 3556 miretur,
1128 3477 1269 3542 conterat
1296 3469 1406 3542 nostra

286 3575 443 3640 uocabula
470 3575 647 3658 composita
675 3595 756 3657 quae
778 3595 798 3639 a
820 3576 948 3657 syllaba
970 3596 1010 3636 ur
1030 3576 1196 3658 incipiunt,
1227 3576 1311 3655 quod
1335 3595 1404 3639 cum

286 3678 406 3737 constet
423 3672 444 3737 i.
461 3691 491 3753 q.
512 3675 595 3749 ,cxl
618 3691 697 3750 esse,
720 3692 771 3736 res
794 3671 982 3737 describitur
1004 3691 1086 3753 quae
1109 3692 1127 3735 e
1148 3671 1264 3736 finibus
1281 3673 1406 3737 usitatis

286 3769 460 3849 egreditur:
497 3768 683 3845 calcoruisclr,
707 3768 940 3849 urpemdtlrliclt,
963 3770 1038 3833 alia.
1076 3770 1181 3849 Atque
1203 3769 1263 3834 hac
1288 3790 1406 3852 augen-

287 3864 394 3930 darum
418 3867 584 3931 notionum
607 3866 730 3929 ratione
748 3865 885 3946 juvenes
911 3872 1038 3930 nostros
1062 3867 1222 3931 literarum
1246 3868 1405 3932 studiosos

287 3982 346 4025 uon
374 3984 447 4028 raro
476 3964 522 4027 uti
552 3967 686 4028 constat.
732 3961 777 4026 ef.
808 3968 975 4044 praeterea
1003 3982 1085 4044 quae
1114 3984 1211 4045 supra
1238 3984 1269 4045 p.
1297 3968 1333 4026 19
1364 3965 1405 4027 de

227 4066 233 4074 '
288 4066 389 4125 nostro
425 4059 571 4143 praefixo
605 4080 642 4120 er
675 4058 759 4140 quod
791 4060 833 4124 ab
862 4080 902 4121 ur
931 4079 995 4124 uon
1026 4059 1185 4125 diversum
1223 4066 1271 4122 est
1308 4078 1405 4138 expo-

290 4156 411 4222 suimus.

363 4253 566 4337 Praepositio
588 4255 621 4314 vi
641 4272 661 4317 a
682 4251 781 4334 stirpe
803 4254 959 4318 numerali
982 4252 1036 4314 dci
1061 4251 1223 4316 derivatur
1250 4248 1335 4309 unde
1357 4248 1405 4311 in·
