3575 5334
330 667 392 729 262
845 668 933 723 Cauer

330 843 453 926 origine
481 841 627 905 Πτελεοῦ
658 841 797 906 nominis
826 839 918 905 dicit:
955 839 1120 915 καλεῖται,
1151 833 1204 902 ὅτι
1233 838 1363 915 πολλὰς
1391 839 1452 917 ἔχει

331 939 480 1015 πτελέας.
524 939 600 1004 inde
623 938 786 1013 Πτελεοῖς
813 938 966 1003 facillime
988 938 1051 1004 dici
1080 944 1221 1021 poterat,
1256 945 1292 1001 ut
1310 929 1452 1012 Ἐλωοῦς

330 1038 371 1104 ab
395 1035 498 1101 ἐλαία.
1485 1020 1490 1036 ’

416 1134 503 1217 origo
525 1134 652 1198 illorum
675 1135 839 1199 nominum
862 1155 991 1217 prorsus
1012 1132 1126 1200 eadem
1149 1140 1197 1200 est
1217 1140 1315 1214 atque
1337 1152 1452 1209 eorum,

331 1251 414 1316 quae
436 1240 626 1314 sequuntur:
664 1230 944 1311 Βρυκούντιοι
967 1235 1055 1310 37w,
1078 1243 1103 1295 4.
1126 1234 1199 1309 231,
1225 1243 1262 1294 lt.
1309 1226 1453 1313 opyodv-

329 1352 397 1395 τιοι
420 1335 491 1411 235,
517 1337 573 1391 14⁰.
608 1349 712 1411 neque
726 1330 819 1395 aliter
841 1349 876 1395 se
899 1330 998 1395 hahet
1019 1348 1136 1395 nomeu
1152 1328 1238 1393 urhis
1258 1328 1453 1408 Τειχιοῦσσα

332 1429 781 1509 mumama

417 1545 446 1606 3.
491 1542 570 1606 lam
594 1541 626 1606 si
648 1538 896 1623 quaerimus,
920 1561 1021 1623 quae
1044 1538 1231 1606 fueritin
1255 1537 1452 1621 exemplis

331 1658 454 1722 supra
485 1639 631 1703 allatis
663 1639 767 1703 ratio
801 1646 839 1704 et
868 1663 905 1703 ει
933 1647 972 1704 et
1000 1662 1045 1702 ov
1078 1636 1361 1720 diphthongos
1392 1654 1453 1717 ge·

331 1736 477 1800 nuinas
510 1742 547 1801 et
583 1734 844 1801 adulterinas
881 1732 1185 1817 distinguendi,
1223 1732 1361 1816 primum
1399 1733 1453 1796 hoc

294 1875 297 1880 -
331 1833 505 1898 tenendum
529 1840 585 1911 est,
609 1854 673 1897 non
697 1833 833 1898 eandem
857 1853 927 1899 esse
950 1834 1114 1923 utriusque
1131 1830 1329 1913 quaestionis
1351 1828 1453 1893 condi·

331 1931 460 1996 tionem.
505 1950 566 2012 quo
596 1930 800 2010 factumest,
830 1938 880 2011 ut,
910 1930 963 2011 qui
986 1930 1045 1993 viri
1075 1928 1159 1993 docti
1185 1934 1315 2011 praeter
1337 1935 1454 1991 ceteros

333 2030 366 2091 in
389 2028 449 2092 hac
471 2047 506 2092 re
528 2028 741 2106 elaborariut,
767 2026 1018 2093 Dietrichius
1041 2026 1094 2103 (K.
1111 2026 1149 2095 Z,
1168 2025 1258 2099 XIV)
1280 2032 1313 2089 et
1337 2025 1454 2105 Brug-

331 2145 470 2189 manus
493 2124 595 2201 (Stud.
613 2125 681 2206 IV),
706 2125 747 2191 de
762 2147 800 2188 ov
825 2123 1026 2207 diphthongo
1041 2122 1254 2200 consentiant,
1279 2121 1320 2186 de
1343 2141 1453 2185 acuon

331 2222 544 2287 consentiant.
575 2222 723 2287 nimirum
747 2242 784 2288 eo
807 2222 890 2287 inter
913 2242 948 2287 se
971 2221 1131 2300 differunt,
1155 2219 1239 2301 quod
1264 2219 1453 2284 Dietrichius

332 2318 363 2381 Ο
386 2319 561 2402 scripturae
583 2320 791 2385 mutationem
814 2320 845 2382 in
871 2316 933 2381 ΟΥ
963 2320 1060 2401 paulo
1082 2318 1177 2382 aliter
1198 2317 1342 2399 explicat
1363 2323 1454 2396 atque

331 2436 419 2497 eam,
454 2437 536 2498 quae
564 2417 598 2480 in
627 2441 656 2480 ει
687 2416 885 2500 diphthongo
909 2416 994 2480 sacta
1022 2423 1085 2495 est,
1120 2416 1323 2495 Brugmanus
1351 2421 1453 2478 autem

331 2534 460 2596 prorsus
493 2513 605 2579 eodem
638 2513 734 2579 modo
767 2519 936 2595 utramque
969 2513 1115 2594 intellegi
1148 2512 1228 2575 vult.
1273 2518 1342 2574 tota
1373 2511 1462 2575 enim-

332 2609 522 2693 disceptatio
554 2632 592 2676 eo
622 2612 753 2677 cardine
780 2612 915 2676 vertitur
923 2612 970 2690 ¹⁵),
1003 2607 1088 2692 quod
1116 2608 1277 2694 genuinae
1307 2614 1340 2672 et
1370 2607 1455 2672 adul·

331 2706 455 2770 tarinae
476 2708 638 2790 utriusque
662 2709 852 2793 diphthongi
883 2707 1026 2774 conlusio
1049 2713 1104 2771 aut
1128 2706 1272 2789 genuina
1293 2704 1327 2769 in
1351 2726 1455 2770 mono·

333 2802 532 2884 phthongum
555 2812 610 2869 aut
632 2807 814 2872 adulterina
837 2809 870 2872 in
894 2806 1128 2889 diphthongum
1151 2803 1308 2886 paulatim
1332 2824 1368 2869 se
1389 2823 1456 2868 ver·

331 2905 420 2964 tante
442 2900 555 2966 effecta
577 2922 648 2968 esse
676 2904 821 2987 putanda
850 2911 907 2969 est.
953 2909 985 2967 et
1007 2926 1045 2965 ov
1068 2899 1197 2983 quidem
1223 2899 1455 2983 diphthongum

331 2998 504 3078 genuinam
534 3008 670 3065 exeunte
697 3002 804 3066 seculo
834 3002 944 3083 quinto
966 3019 995 3064 a.
1019 2997 1093 3063 Ohr.
1116 3019 1147 3062 n.
1192 2997 1256 3061 iam
1279 2996 1327 3062 ita
1348 2998 1457 3062 immu-

331 3101 431 3158 tatam
459 3095 573 3176 fuisse,
609 3104 643 3181 ut
672 3118 737 3162 non
766 3098 860 3163 aliter
887 3106 984 3178 atque
1005 3099 1025 3157 o
1047 3091 1293 3177 μονοφθόγγως
1321 3115 1457 3178 pronun·

331 3192 473 3273 hiaretur,
497 3198 530 3258 et
553 3195 746 3261 Dietriohius
769 3202 800 3260 et
823 3195 1025 3275 Brugmauus
1046 3212 1103 3257 suo
1125 3192 1195 3256 iure
1217 3192 1339 3257 statuit.
1386 3212 1455 3256 nam

332 3297 405 3354 oet
427 3310 447 3351 a
468 3292 612 3371 vocales,
643 3292 757 3373 quihus
787 3314 824 3354 ov
855 3293 1050 3369 continetur,
1080 3291 1125 3353 ita
1157 3297 1231 3353 sunt
1253 3297 1456 3373 comparatae

331 3393 461 3468 tamque
483 3388 566 3452 inter
587 3407 623 3453 se
643 3388 775 3468 similes,
799 3396 843 3469 ut,
867 3389 893 3454 si
916 3388 955 3451 in.
973 3386 1211 3469 pronuntiando
1227 3405 1262 3450 sc
1285 3386 1455 3469 excipiant,

364 3678 365 3683 ἵ
403 3619 433 3677 ¹⁵)
459 3632 520 3670 nam
538 3634 618 3686 quam
636 3620 786 3688 antiquitus
803 3619 888 3673 fuisse
906 3622 1032 3673 statuunt
1049 3636 1071 3669 a
1089 3618 1258 3672 adulterinae
1276 3619 1329 3672 rim
1348 3634 1380 3673 ac
1398 3634 1455 3688 pro·

333 3697 539 3763 nuntiationem,
563 3714 623 3752 eam
643 3699 717 3767 apud
741 3706 883 3767 utrumque
908 3715 962 3753 non
985 3698 1098 3752 eandem
1123 3713 1182 3753 esse
1205 3698 1273 3752 mihi
1296 3699 1456 3768 persuadere

333 3792 387 3831 non
410 3792 530 3846 possum.
565 3778 735 3845 Bmgmanus
759 3778 865 3846 quidem
890 3778 990 3833 acriter
1007 3778 1147 3845 distinguit
1169 3794 1250 3833 suum
1264 3776 1294 3833 ‘e'
1308 3776 1412 3849 fermd'
1431 3784 1457 3832 et

334 3856 547 3911 Dietriehianam
566 3859 580 3911 ἒ
597 3858 715 3914 admixto
733 3860 874 3914 iotacismo
894 3858 1035 3913 variatam.
1067 3857 1115 3912 scd
1132 3873 1220 3927 neque
1238 3860 1374 3929 exempla,
1391 3873 1456 3929 quae

333 3936 450 3991 afferunt
477 3944 545 4002 (sec,
569 3939 638 3993 seele
657 3939 799 3993 Dietrichii
824 3947 851 3994 et
875 3940 941 3995 hade
963 3939 1029 3993 hene
1046 3938 1212 4006 Brugmanit‚
1237 3941 1455 4007 pronuntiatione

332 4017 403 4071 inter
420 4032 449 4071 se
467 4016 622 4088 discrepant
644 4035 730 4088 neque
748 4036 829 4086 quam
847 4020 1016 4087 Brugmanus
1039 4018 1182 4086 profitetur
1199 4033 1335 4086 nusquam
1353 4035 1383 4074 se
1399 4035 1455 4089 per·

334 4097 422 4163 cipere
439 4099 560 4167 potuisse
578 4101 589 4152 i
605 4100 813 4167 subrepticiam,
838 4100 892 4155 alia
909 4103 1049 4167 astatque
1067 4114 1108 4162 ea,
1126 4098 1159 4152 de
1178 4112 1230 4166 qua
1245 4099 1307 4167 ipse
1324 4100 1454 4170 cogitarit,

333 4192 395 4229 cum
413 4196 435 4229 ει
453 4178 620 4233 adulterinae
638 4182 734 4234 sonum
751 4179 821 4234 iuter
839 4199 851 4233 ε
869 4185 897 4234 et
916 4200 924 4231 ι
942 4179 1128 4233 intermediam
1144 4178 1230 4233 fuisse
1248 4179 1362 4246 diceret,
1382 4194 1454 4249 prae-

301 4322 304 4327 *
334 4256 424 4309 sertim
442 4273 503 4311 cum
522 4260 671 4327 exemplum
690 4259 747 4313 eius
765 4259 862 4314 afferat
879 4262 906 4313 ei
921 4261 1040 4314 vocalem
1057 4260 1164 4329 linguae
1182 4259 1306 4316 Latinae.
