3575 5334
642 685 675 741 de
692 687 807 742 dialecto
825 687 918 741 Attica
935 686 1091 769 vetustiore.
1124 686 1145 739 Ι.
1399 688 1464 750 229

334 858 566 925 invalescentis
586 858 621 922 in
643 858 694 923 his
715 858 817 924 literis
840 878 915 923 usus
937 859 1101 940 signorum
1117 860 1295 925 lonicorum
1319 863 1358 938 (Γ
1376 894 1415 914 --
1431 886 1464 946 y,

335 958 365 1019 Λ
381 958 466 1035 ==.l,
490 955 526 1034 Ξ,
549 952 592 1032 l)
614 956 772 1019 nonnulla
787 956 938 1038 exempla
955 963 1093 1036 exstant,
1116 956 1177 1022 hoc
1199 977 1263 1022 nou
1286 958 1332 1024 ita
1353 959 1462 1042 magni

335 1054 488 1120 momenti
521 1072 592 1119 esse
624 1056 729 1135 potest
755 1052 790 1116 in
819 1053 1059 1134 quaestionibus
1087 1053 1313 1134 grammaticis.
1357 1076 1462 1138 neque

335 1151 422 1235 quod
444 1151 576 1233 antiqua
596 1161 623 1237 φ
645 1149 740 1213 litera
762 1151 872 1233 paucis
895 1150 974 1216 locis
996 1150 1116 1232 scripta
1136 1156 1195 1231 est,
1217 1152 1318 1233 pluris
1338 1142 1476 1230 iaoio.³)‘

333 1269 374 1315 ac
396 1268 439 1313 ne
461 1248 481 1312 4
504 1247 632 1330 quidem
654 1247 767 1312 literae
788 1249 941 1313 transitus
959 1248 992 1311 iu
1008 1247 1049 1326 Σ,
1072 1246 1135 1329 qui,
1157 1266 1229 1312 cum
1250 1248 1285 1312 in
1307 1249 1467 1333 catalogis-

333 1346 558 1427 sexagesimae
580 1345 769 1409 tributorum
793 1343 841 1409 Ol.
866 1347 917 1425 84,
944 1349 957 1407 1
988 1344 1090 1409 tactus
1112 1342 1168 1427 sit,
1196 1345 1231 1410 in
1256 1346 1467 1412 diiudicanda.
1559 1397 1561 1399 -

333 1451 444 1510 aetate
480 1443 614 1507 aliarum
651 1441 893 1523 inscriptionum
927 1464 1044 1528 magno
1076 1444 1147 1509 usui
1182 1450 1245 1522 est,
1283 1442 1326 1507 ad
1358 1444 1462 1527 ipsam

333 1541 494 1606 rationem
517 1539 757 1622 grammaticam
781 1539 965 1606 ullomodo
993 1542 1142 1625 pertinet.
1187 1541 1276 1606 solae
1298 1540 1394 1623 igitur
1415 1562 1467 1607 re-

332 1643 424 1703 stant
446 1658 474 1714 o,
496 1657 527 1714 a,
549 1657 576 1715 e,
599 1637 631 1698 er·
649 1634 809 1700 vocalium
832 1642 863 1700 et
884 1639 1014 1721 spiritus
1036 1639 1143 1722 asperi
1165 1644 1270 1713 notae,
1297 1657 1380 1719 quae
1403 1639 1464 1705 hoc

330 1736 407 1799 loco
436 1734 615 1800 accuratius
643 1753 664 1797 a
685 1752 737 1797 me
765 1739 940 1800 tractentur
962 1736 1062 1801 etita
1083 1735 1227 1818 quidem,
1256 1739 1291 1797 ut
1312 1736 1467 1817 exempla

330 1840 461 1898 tanturn
489 1830 650 1896 variarum
679 1829 839 1895 scribendi
866 1833 1025 1897 rationum
1053 1852 1111 1915 per
1140 1831 1292 1915 temporis
1318 1831 1463 1897 ordinem

333 1928 495 2011 disposita
526 1928 634 1992 omnia
668 1933 901 1993 enumerentur.
952 1947 1028 1992 nam
1064 1929 1141 2011 quid
1177 1928 1253 1993 inde
1290 1928 1331 1995 de
1367 1929 1466 1995 rebus

329 2024 553 2108 grammaticis
576 2031 607 2090 et
629 2024 848 2107 etymologicis
870 2024 977 2106 colligi
1000 2025 1110 2106 possit,
1134 2024 1217 2089 infra
1239 2026 1464 2107 explicabitur.

406 2228 427 2290 ³)
445 2224 609 2291 accuratius,
628 2223 692 2291 quid
710 2223 744 2277 de
761 2222 803 2276 his
820 2223 902 2277 rebus
919 2223 1092 2277 iudicandum
1104 2227 1183 2288 esset,
1202 2223 1329 2290 exposuit
1340 2224 1463 2279 Kirch-

332 2306 486 2369 hostius,
523 2304 650 2368 „Studien
684 2319 734 2358 zur
769 2303 933 2358 Geschichte
967 2303 1014 2357 des
1048 2300 1235 2369 griechischen
1264 2302 1432 2371 Alphabets“
1442 2306 1462 2371 ²,

332 2404 360 2457 p,
381 2390 415 2441 68
434 2402 491 2455 sqq.
510 2399 596 2454 neque
614 2384 710 2450 habeo,
729 2383 801 2449 quod
818 2383 925 2449 addam,
946 2382 1000 2437 nisi
1015 2382 1086 2437 forte
1104 2397 1202 2451 operae
1219 2382 1337 2453 pretium
1355 2389 1397 2438 est
1413 2384 1462 2438 ad·

334 2468 456 2523 scribere
482 2480 608 2520 numeros
633 2464 799 2531 singulorum
821 2464 956 2530 locorum,
980 2464 1076 2531 quibus
1099 2468 1121 2516 Ξ
1145 2466 1171 2517 44
1192 2462 1215 2518 l‘
1238 2467 1301 2519 ante
1323 2463 1462 2519 Euclidem

332 2552 513 2615 usurpantur.
548 2560 611 2599 nam
622 2545 657 2599 ad
674 2545 771 2597 harum
788 2545 926 2599 literarum
943 2544 1191 2613 pronuntiationem
1209 2546 1260 2599 etsi
1277 2560 1331 2599 non
1348 2546 1463 2600 multum

335 2634 428 2682 tamen
446 2624 548 2695 aliquid
565 2625 667 2680 referre
685 2623 799 2688 videtur,
817 2625 952 2692 quomodo
971 2626 1088 2694 scriptae
1106 2624 1168 2690 sint,
1192 2626 1215 2679 si
1233 2624 1374 2694 quidemp
1393 2628 1420 2679 et
1438 2644 1461 2694 φ

336 2724 399 2763 cum
411 2724 428 2758 σ
440 2706 644 2761 coniunctarum
661 2721 718 2759 non
734 2719 847 2774 prorsus
865 2706 935 2760 idem
952 2705 1005 2760 luit
1020 2722 1103 2761 sonus
1117 2710 1198 2775 atquc
1215 2710 1263 2759 aut
1281 2704 1462 2774 posteriorum

337 2788 475 2857 signorum
492 2791 514 2839 Ξ
533 2790 561 2839 44
584 2790 604 2836 t
629 2791 676 2839 aut
698 2785 881 2853 antiquiorum
901 2791 935 2838 l(5
954 2793 980 2840 et
1002 2791 1047 2839 ῦς.
1084 2790 1194 2841 exstant
1216 2786 1298 2854 igitur
1315 2785 1344 2838 in
1364 2785 1463 2839 inscri-

337 2868 490 2937 ptionibus,
517 2866 551 2919 de
573 2865 670 2933 quibus
692 2865 793 2931 agitur,
822 2870 856 2917 l<5
880 2872 908 2919 et
934 2870 971 2919 1¹5
994 2882 1140 2935 nusquam,
1167 2869 1248 2933 Χς(Σ)
1273 2872 1299 2922 44
1317 2871 1399 2933 ΜΣ)
1421 2866 1462 2919 in·

337 2946 549 3001 numerabilibus
573 2945 629 2999 lere
651 2944 733 3010 locis,
757 2948 778 2996 Ξ
798 2949 825 2999 44
843 2951 863 2997 t
882 2948 949 3002 satis
972 2963 1043 3001 raro.
1080 2952 1107 3001 44
1124 2951 1145 2999 Ξ
1165 2946 1273 3016 quidem
1295 2946 1398 3015 scripta
1420 2950 1463 3000 est

337 3028 363 3083 iu
382 3034 395 3081 7
415 3027 515 3081 titulis:
618 3034 620 3037 '

406 3133 467 3194 444),
487 3139 509 3181 a.
530 3137 543 3177 4
561 3126 589 3179 in
606 3130 779 3180 monumento
798 3126 943 3195 sepulcrali
959 3126 1069 3195 publico
1087 3132 1151 3180 ante
1173 3124 1213 3180 04.
1231 3126 1273 3188 84,
1294 3128 1316 3176 1.
1457 3157 1461 3164 ·

405 3212 465 3272 299,
485 3216 512 3256 21
542 3206 571 3260 in
592 3212 766 3262 monumento
790 3206 900 3275 publico
925 3213 973 3260 aut
992 3206 1032 3259 04.
1053 3208 1095 3269 84,
1115 3206 1241 3264 1-85,3
1264 3210 1311 3256 aut
1333 3204 1376 3262 86,
1396 3205 1463 3255 4-2

370 3289 513 3356 inscripto.

407 3373 466 3434 338,
487 3377 499 3418 4
518 3367 547 3421 in
564 3366 642 3420 titulo
661 3365 767 3420 donarii
784 3366 893 3435 publici,
914 3366 955 3422 Ol.
973 3367 1014 3433 93,
1034 3371 1056 3418 1.

406 3454 448 3514 82,
469 3458 481 3497 r
504 3448 534 3500 in
554 3445 634 3501 titulo
657 3445 767 3514 publico
785 3449 813 3500 et
830 3451 888 3512 443,
908 3456 921 3495 2
943 3446 972 3501 in
989 3446 1068 3500 titulo
1086 3444 1192 3499 donarii
1208 3440 1321 3511 privati,
1344 3447 1462 3511 utroque

371 3530 493 3584 incertae
511 3528 617 3581 aetatis.

406 3614 466 3673 423,
488 3619 509 3660 a.
530 3617 542 3657 c
565 3607 593 3660 in
610 3606 690 3660 titulo
708 3605 813 3659 donarii
829 3605 928 3674 privati
944 3605 1132 3675 antiquitatem
1149 3605 1305 3671 affectante,
1324 3606 1371 3661 sed
1389 3622 1462 3662 com-

372 3690 465 3759 plures
482 3685 591 3741 Ionicus
608 3687 701 3741 literas
719 3685 871 3739 exhibente.

407 3773 466 3831 441,
484 3782 508 3833 a,
529 3776 551 3820 2.
571 3768 597 3831 b,
618 3778 629 3815 4
648 3766 736 3820 forma
754 3768 785 3820 Ι·Η
804 3765 833 3820 in
850 3765 930 3820 titulo
946 3766 1094 3835 sepulcrali
1113 3765 1152 3821 Ol.
1164 3766 1206 3830 80,
1220 3768 1237 3818 4
1253 3766 1353 3835 Argiva
1370 3767 1464 3823 litera·

371 3853 435 3904 tura
454 3850 573 3903 exarato.

337 3953 391 4005 huc
408 3948 517 4007 accedit
534 3950 593 4013 283,
609 3956 631 4001 o.
654 3956 692 4011 ro,
711 3947 814 4014 titulus,
834 3948 880 4016 qui
897 3946 1015 4001 rationes
1032 3947 1152 4001 continet
1169 3951 1325 4001 curatorum
1342 3947 1405 4001 Deli
1421 3948 1464 4001 in-

337 4032 414 4087 sulae
431 4029 467 4084 ad
487 4028 528 4084 Ol.
546 4030 587 4091 86,
606 4030 631 4081 3.
650 4030 667 4079 4
684 4028 857 4095 pertinentes,
882 4026 930 4081 sed
947 4030 1010 4095 post
1029 4026 1067 4082 Ol.
1086 4030 1128 4091 94,
1146 4028 1164 4079 2
1180 4026 1334 4094 inscriptas.

407 4117 427 4163 4
447 4110 551 4178 scripta
568 4114 609 4162 est
629 4112 669 4171 13,
689 4117 710 4159 4,
732 4118 741 4155 τ
769 4109 796 4160 in
818 4108 897 4162 titulo
921 4107 1032 4176 publico
1050 4113 1113 4161 ante
1133 4106 1173 4161 Ol.
1192 4110 1267 4167 84,1
1292 4110 1320 4158 44
1343 4109 1400 4170 283,
1420 4115 1464 4171 aa,

338 4192 372 4247 de
399 4206 453 4258 quo
475 4188 556 4244 modo
583 4188 646 4242 dixi.
691 4191 810 4243 ceterum
836 4188 911 4242 nulla
937 4188 1033 4241 harum
1058 4186 1262 4256 inscriptionum
1287 4185 1462 4240 vetustiorem

337 4272 502 4342 scripturam
514 4272 558 4321 ,xx
578 4276 605 4323 44
622 4265 659 4329 ᾡς
678 4272 783 4337 praeter
801 4272 823 4320 Ξ
841 4273 868 4321 44
886 4273 907 4318 Υ
925 4269 1044 4337 praebet.
