3575 5334
752 723 785 778 de
803 724 884 792 alpha
902 723 1043 778 intensive.
1420 720 1456 779 ll

422 897 521 960 Multo
544 915 619 960 vcro
642 896 746 960 minus
768 897 801 959 in
817 903 929 978 aperto
945 913 1016 959 esse
1031 894 1158 960 videtur
1179 893 1331 977 adjectivi
1354 893 1462 975 iugens

333 991 535 1075 significatio.
582 992 729 1057 Veterum
746 993 1035 1074 grammaticorum
1071 992 1303 1075 explicationes
1331 994 1461 1056 servant

331 1090 425 1155 Paul.
450 1110 489 1153 ex
514 1090 598 1154 Fest.
622 1110 652 1172 p.
679 1094 756 1152 114:
790 1090 927 1171 iugens
950 1090 1065 1150 dicitur·
1086 1090 1222 1171 carpendi
1241 1088 1461 1150 consuetudine

331 1196 366 1249 ut
390 1188 626 1264 inclamare,
650 1188 856 1265 invocem·
880 1187 952 1270 quic
969 1187 1047 1247 caim
1062 1206 1138 1268 perro
1156 1186 1270 1269 populi
1283 1194 1330 1245 cst
1344 1185 1461 1266 mcpni-

330 1285 427 1359 tudo,
457 1285 655 1365 tepentem
677 1304 737 1366 per
762 1285 1016 1367 compositionem
1040 1284 1177 1359 dicimur,
1202 1282 1288 1366 quod
1306 1280 1463 1365 sr'pnr'ficot

329 1382 426 1445 aclide
449 1401 599 1462 mcpaurrr,
624 1387 655 1444 ct
677 1381 798 1465 Papiae
820 1382 936 1464 gloss:
962 1383 1099 1462 inpetro
1122 1381 1213 1464 quusi
1232 1380 1317 1441 altro
1339 1388 1459 1460 pentem

330 1499 441 1554 suom,
472 1498 566 1560 quam
590 1479 837 1567 explicationem
860 1500 926 1546 non
955 1481 1059 1544 solum
1082 1479 1295 1545 Doederlinus
1318 1476 1462 1543 defendit

329 1576 455 1641 collato
479 1572 654 1661 ὑπερφυής
677 1576 837 1659 adjectivo
858 1576 916 1643 scd
940 1577 1035 1641 etiam
1053 1577 1215 1643 novissimi
1240 1575 1461 1659 lexicographi

330 1679 533 1756 receperunt.
578 1674 644 1739 Jos.
674 1673 816 1756 Scaliger
849 1674 956 1756 inpono
988 1674 1122 1757 putabat
1152 1673 1238 1739 idem
1272 1694 1343 1740 esse
1376 1672 1461 1756 quod

332 1772 441 1832 iacens
463 1770 493 1833 b.
511 1789 538 1835 e.
561 1777 694 1850 tantum,
719 1778 752 1835 ut
769 1772 892 1837 censeri
916 1792 980 1836 non
1003 1773 1113 1855 possit,
1136 1771 1192 1837 alii
1208 1772 1274 1836 alia
1289 1771 1460 1837 commenti

334 1873 419 1946 sunt,
444 1868 544 1932 nostri
560 1868 744 1951 etymologi,
767 1887 838 1932 cum
853 1870 1044 1934 vocabulum
1060 1877 1202 1935 nostrum
1218 1868 1346 1935 silentio
1369 1888 1460 1951 prae·

336 1964 492 2045 teriorint,
516 1964 556 2030 de
578 1966 737 2047 probabili
761 1966 975 2049 explicatione
999 1966 1189 2049 desperasse
1212 1966 1369 2031 videntur.
1414 1966 1462 2030 Ac

339 2063 363 2127 si
378 2063 483 2150 solam
499 2082 646 2126 sonorum
663 2062 947 2129 conformationem
963 2070 1100 2148 spectas,
1112 2066 1214 2127 multa
1229 2062 1378 2145 temptari
1390 2083 1461 2145 pos·

338 2165 419 2240 sunt,
444 2158 494 2222 sin
511 2159 785 2241 significationem,
810 2179 903 2242 quam
926 2161 1087 2242 generalis
1110 2161 1161 2240 sit,
1185 2167 1272 2225 certa
1287 2168 1318 2224 te
1334 2158 1461 2224 videbis

338 2257 461 2321 ratione
485 2254 630 2333 destitui,
662 2256 737 2337 quia
760 2258 838 2322 nihil
862 2258 956 2323 nobis
984 2278 1095 2322 ansam
1124 2258 1258 2339 praebet
1280 2256 1459 2336 divinandi,

338 2352 421 2419 unde
446 2352 572 2418 duxerit
599 2354 657 2418 illa
687 2356 851 2436 originem.
898 2356 986 2420 Nihil
1015 2356 1101 2420 enim
1130 2352 1311 2438 proficimus
1334 2373 1460 2437 compa-

339 2459 404 2516 rato
428 2451 619 2517 Germanico
643 2451 821 2534 rin-pistum,
844 2452 929 2534 quod
953 2453 1080 2536 proprie
1103 2459 1151 2518 cst
1173 2472 1260 2529 „non
1283 2471 1323 2515 ex
1345 2451 1459 2515 eadem

338 2550 436 2631 stirpe
459 2548 642 2628 oriundus“,
668 2548 785 2613 deinde
810 2550 965 2629 ,alienus
989 2551 1083 2616 aliter
1105 2555 1315 2633 comparatus,
1345 2549 1459 2628 malus,

339 2646 434 2725 rudis,
451 2646 599 2710 immanis
608 2651 630 2726 “,
647 2647 685 2709 cl.
702 2646 834 2727 Pottius,
850 2648 914 2711 lex.
931 2647 998 2711 rad.
1015 2646 1128 2729 lndog.
1146 2647 1178 2710 II
1194 2649 1223 2727 2,
1237 2650 1286 2710 24.
1320 2646 1461 2711 Doeder-

339 2744 420 2808 linus
453 2752 575 2822 autem,
613 2742 871 2825 quandoquidem
909 2745 1016 2825 iopam
1048 2765 1112 2808 non
1149 2745 1263 2810 melius
1297 2744 1460 2826 explicare

339 2842 439 2923 potuit
462 2860 557 2922 quam
583 2846 726 2919 veteres,
757 2862 820 2904 non
851 2838 961 2906 debuit
982 2840 1166 2922 tequidem
1196 2862 1254 2923 pro
1285 2841 1459 2906 certissimo

339 2938 541 3003 r'ointensivi
565 2939 712 3021 exemplo
735 2938 859 3002 afferre.

421 3036 490 3100 Nec
512 3042 619 3100 tamen
642 3036 701 3099 boc
725 3035 921 3116 adjectivum
936 3041 970 3097 ut
987 3032 1208 3098 documentum
1227 3042 1341 3098 auctae
1363 3034 1460 3115 signi·

338 3130 493 3196 ficationis
515 3152 644 3214 prorsus
666 3132 869 3197 abiciendum
892 3138 949 3196 est.
981 3132 1063 3194 Nam
1086 3131 1235 3210 quoniam
1258 3149 1309 3196 me
1334 3130 1460 3196 Curtius

338 3229 551 3305 confirmavit,
575 3236 625 3309 ut,
650 3249 745 3310 quam
769 3229 1015 3311 explicationem
1034 3228 1104 3309 jam
1130 3228 1185 3290 diu
1208 3228 1315 3291 animo
1338 3228 1461 3292 voluta-

340 3347 463 3409 veram,
503 3324 713 3391 confidentius
752 3345 980 3409 proponerem,
1018 3325 1191 3388 verisimile
1224 3325 1302 3388 mihi
1335 3324 1461 3389 videtur

339 3425 444 3505 irpeas
466 3423 508 3487 ad
530 3423 646 3487 radicis
667 3444 745 3504 pon,
766 3444 824 3504 pcc
848 3423 1072 3507 primigeniam
1096 3421 1228 3486 formam
1250 3444 1306 3504 pu,
1328 3443 1367 3503 pc
1390 3441 1460 3504 per-

338 3521 448 3603 tinere,
473 3521 522 3586 oui
545 3520 631 3585 notio
655 3520 730 3584 insit
753 3520 858 3601 fiendi,
883 3520 1057 3587 crescendi.
1088 3518 1180 3597 Quod
1196 3519 1221 3584 si
1237 3518 1282 3583 ita
1297 3539 1332 3583 sc
1350 3519 1460 3602 babet,

339 3620 433 3701 stirps
462 3618 673 3701 participialis
702 3618 835 3699 ire-pc-ut
864 3638 933 3683 cum
958 3621 988 3678 rb
1018 3617 1256 3699 praepositione
1277 3617 1460 3698 conjuncta,

339 3716 428 3798 cujus
452 3715 604 3797 quaevis
627 3715 787 3779 intensiva
809 3715 863 3793 sit,
888 3715 972 3778 infra
994 3714 1187 3792 videbimus,
1215 3713 1371 3795 significat
1394 3715 1462 3789 ,in-

339 3817 506 3878 crescens“
529 3813 549 3875 i.
573 3831 600 3875 e.
624 3811 724 3892 quod,
754 3811 780 3875 si
810 3812 879 3893 quis
907 3811 1037 3894 aspicit,
1068 3831 1194 3894 semper
1216 3811 1345 3890 crescit,
1376 3810 1462 3892 quod

341 3910 527 3975 immensum
557 3915 614 3973 est.
660 3909 759 3973 Plane
788 3909 925 3973 eundem
955 3908 1195 3989 significationis
1217 3909 1385 3973 transitum
1408 3928 1458 3973 cx·

341 4005 426 4071 hibet
455 4006 646 4071 vocabulum
675 4005 829 4069 Graecum
860 4007 901 4069 ab
931 4005 1043 4070 eadem
1073 4005 1181 4070 radice
1211 4004 1380 4070 deductum
1410 4008 1461 4086 yt-

341 4123 435 4183 yc-rr
458 4104 508 4180 (cf.
531 4102 666 4179 Curtius,
690 4108 787 4184 etym.
811 4102 863 4167 Gru
888 4104 944 4166 el.⁴
968 4124 997 4184 p.
1018 4105 1100 4181 llbl,
1124 4103 1177 4165 ubi
1200 4101 1461 4184 reduplicationis

342 4218 399 4282 ope
427 4221 540 4266 sensus
574 4200 803 4281 magnitudinis
836 4201 932 4265 etiam
966 4199 1068 4279 magis
1100 4199 1257 4263 efferatur.
1309 4198 1359 4262 Ne
1391 4197 1461 4276 quis

343 4304 444 4364 autem
474 4297 570 4379 hujus
598 4295 715 4361 radicis
744 4297 967 4379 primigeniam
997 4295 1130 4359 formam
1153 4296 1186 4357 in
1210 4294 1326 4356 Latina
1351 4292 1461 4371 lingua
