3575 5334
399 691 464 751 230
921 686 1008 740 Cauer

488 865 547 928 lli.
590 864 630 926 Et
653 861 788 944 primum
811 859 940 942 quidem
964 860 991 923 Ε
1013 857 1125 924 literae
1147 857 1234 941 apud
1257 857 1380 923 Atticos
1402 859 1431 923 is
1454 878 1526 923 usus

402 962 476 1043 fuit,
506 968 540 1025 ut
561 958 753 1042 significaret
775 964 831 1022 aut
854 981 868 1021 ε
892 964 948 1022 aut
973 982 990 1041 η
1015 962 1069 1020 aut
1092 979 1122 1021 ει
1145 954 1359 1020 adulterinam
1388 955 1443 1027 (de
1466 976 1527 1037 qua

402 1059 486 1123 infra
507 1057 599 1141 plura
622 1055 755 1135 dicam);
781 1054 805 1114 Η
828 1054 955 1138 signum
977 1054 1036 1118 tuit
1058 1052 1187 1136 spiritus
1208 1054 1325 1135 asperi.
1369 1051 1434 1116 iam
1457 1071 1525 1116 cum

402 1157 511 1222 Ionica
535 1154 703 1219 literatura
730 1152 848 1217 sensim
877 1151 1046 1233 irreperet,
1077 1148 1113 1214 ΕΙ
1138 1170 1195 1234 pro
1219 1174 1250 1215 ει
1272 1149 1471 1229 adulterina,
1502 1149 1525 1209 Η

402 1273 460 1337 pro
483 1277 502 1337 η
526 1251 613 1334 poni,
638 1249 767 1332 spiritus
789 1255 897 1314 autem
920 1256 997 1313 nota
1018 1267 1148 1331 prorsus
1170 1246 1424 1329 omitticceptac
1447 1254 1525 1312 sunt.

400 1351 490 1415 cuius
513 1346 698 1413 mutationis
720 1346 800 1410 haec
822 1346 938 1428 collegi
961 1346 1127 1429 exempla:

494 1452 519 1511 t.
552 1443 593 1509 ΕΙ
612 1442 1327 1527 procoadulterinaantelluclidem
1350 1444 1525 1527 positae:

489 1539 525 1607 εἷ
533 1566 549 1618 ς
578 1539 786 1624 productione
815 1542 1015 1625 suppletoria
1043 1560 1083 1605 ex
1111 1538 1193 1617 *ὀνς
1216 1547 1318 1606 ortum
1341 1559 1469 1624 semper
1494 1537 1527 1615 ἐς

402 1640 550 1706 scribitur
578 1643 706 1721 praeter
740 1643 790 1719 40,
819 1650 850 1699 20
885 1638 954 1715 (scd
988 1636 1023 1714 ἐς
1051 1650 1090 1702 21.
1120 1650 1160 1702 25.
1183 1641 1241 1717 52),
1280 1635 1462 1709 01891,
1499 1644 1528 1702 et

407 1741 514 1817 113,3
546 1736 579 1799 in
613 1736 705 1799 titulo
739 1735 879 1801 incertae
909 1736 1025 1802 aetatis
1056 1744 1128 1820 post
1161 1734 1283 1799 0184.
1335 1756 1411 1800 nam
1446 1734 1528 1817 quod

404 1834 501 1900 etiam
525 1835 621 1912 32-la‚
646 1846 669 1895 5.
691 1843 715 1895 ο.
738 1844 776 1895 31.
810 1853 836 1913 c,
865 1845 889 1897 2.
912 1846 936 1897 5.
959 1845 998 1897 ετ.
1021 1845 1060 1897 29.
1084 1844 1122 1896 34.
1152 1844 1183 1894 39
1211 1830 1261 1909 εἷς
1290 1834 1444 1916 scriptum
1473 1840 1527 1914 est,

404 1931 524 1995 nullius
547 1936 595 1994 est
616 1930 769 1994 momenti
784 1929 817 1994 in
840 1929 901 1995 hoc
916 1932 1008 1996 titulo
1027 1951 1155 2013 prorsus
1170 1931 1270 1996 mirae
1292 1938 1324 1995 et
1346 1930 1528 1995 fluctuantis

405 2026 662 2110 orthographiae.

490 2119 662 2209 εἰστήλῃ
687 2144 744 2206 pro
768 2121 802 2188 ἒν
828 2120 930 2208 στήλῃ
956 2128 1035 2206 52a,
1059 2137 1082 2189 3.

490 2216 601 2288 εἶναι
634 2240 692 2303 per·
732 2244 760 2284 ει
795 2222 948 2303 scriptum
981 2230 1029 2287 est
1064 2229 1076 2285 1
1112 2224 1152 2303 Β,
1182 2234 1205 2284 4.
1235 2234 1275 2286 25.
1304 2234 1334 2283 35
1368 2223 1404 2286 in
1440 2222 1528 2287 titulo

403 2320 618 2387 vetustissimo
642 2325 673 2383 et
696 2316 767 2395 „ot
783 2316 823 2379 81
852 2318 947 2401 longe
970 2324 1173 2404 super·aute“.
1217 2324 1401 2403 praeterea:
1429 2325 1480 2401 36,
1504 2332 1529 2381 13

403 2408 1527 2498 (mfflmmfflffltmamwmammfflfflt

406 2510 770 2597 Qunmffla

492 2609 563 2693 εἶμί
591 2631 650 2692 per·
678 2634 709 2674 ει
737 2612 887 2694 scriptum
913 2614 986 2693 475,
1012 2626 1021 2673 1
1056 2619 1087 2678 et
1109 2615 1170 2676 484
1193 2612 1226 2676 in
1249 2613 1349 2678 titulis
1372 2615 1530 2698 scpulcra·

405 2710 489 2773 libus
511 2706 645 2791 privatis
667 2706 745 2772 satis
767 2709 891 2791 priscae
907 2710 1085 2775 vetustatis.
1114 2708 1238 2773 accedit
1261 2708 1343 2774 ΕΙΜΙ
1367 2711 1401 2775 in
1424 2712 1529 2776 Attica

404 2804 612 2887 inscriptione
640 2803 727 2888 pilae
756 2804 872 2887 Sigeae
902 2805 949 2883 (0.
972 2807 992 2871 i.
1019 2806 1073 2871 Gr.
1097 2810 1127 2883 8)
1153 2815 1298 2890 exstans,
1330 2828 1426 2890 quam
1456 2829 1529 2873 num

406 2908 492 2969 recte
521 2900 736 2967 Kirchholfius
774 2903 925 2986 (Alphab.
957 2908 995 2970 18
1018 2909 1098 2986 sqq.)
1131 2911 1277 2970 vetustae
1308 2913 1339 2969 et
1371 2906 1529 2988 genuinae

407 2998 539 3083 originis
569 3018 639 3063 esse
668 2997 870 3081 iudicaverit,
902 3020 987 3064 nunc
1007 3000 1041 3064 in
1065 3000 1161 3065 dubio
1183 3001 1261 3065 milri
1285 2993 1540 3085 relinquendum

406 3104 464 3164 est.
508 3097 584 3160 nolo
613 3103 720 3160 tamen
748 3096 874 3161 silentio
904 3097 1079 3181 praeterire
1107 3099 1219 3163 mirum
1249 3119 1335 3180 esse,
1374 3102 1461 3183 quod
1486 3102 1530 3165 in·

406 3194 535 3278 scriptio
558 3194 678 3275 Ionica,
707 3212 790 3275 quae
813 3195 977 3277 superiore
1000 3196 1070 3260 loco
1090 3195 1125 3259 in
1148 3197 1206 3261 illa
1228 3197 1295 3278 pila
1318 3204 1454 3263 exarata
1476 3206 1528 3279 est.

408 3291 489 3358 fild
504 3292 694 3373 scripturam
716 3290 858 3373 praebet.
1490 3311 1496 3321 ·

493 3386 561 3452 aiot
583 3406 641 3469 per
663 3411 694 3451 ει
716 3387 867 3469 scriptum
892 3392 942 3470 51,
966 3401 994 3450 12
1019 3390 1103 3454 inter
1128 3389 1175 3453 Ol.
1198 3387 1248 3461 89,
1274 3389 1292 3451 sl
1315 3396 1348 3455 et
1369 3388 1421 3463 91,
1448 3392 1477 3458 4,

495 3480 653 3567 ὀφελλω
684 3484 894 3565 productione
923 3487 1119 3569 suppletoria
1141 3507 1183 3552 ex
1204 3484 1360 3573 *opsijor
1390 3508 1449 3572 per·
1472 3508 1530 3552 me-

409 3581 496 3648 diam
529 3580 663 3643 tormam
693 3576 825 3665 ὀφέλλω
862 3592 964 3648 ortum
993 3602 1064 3649 esse
1094 3604 1134 3649 ex
1163 3605 1223 3649 usu
1255 3587 1396 3667 ipsarum
1426 3586 1531 3651 inscri-

408 3679 552 3763 ptionum
583 3677 758 3740 Atticarum
788 3680 988 3763 Bragmanus
1025 3680 1256 3746 demonstravit
1287 3681 1361 3762 („(le
1390 3683 1532 3749 Graecae

408 3777 539 3858 linguae
562 3773 769 3856 productione
792 3770 1032 3860 suppletoria“),
1057 3778 1147 3843 Slud.
1163 3778 1208 3843 IV
1231 3800 1261 3861 p.
1281 3782 1340 3843 120
1355 3799 1403 3861 sq.
1427 3788 1532 3845 tamen

410 3891 513 3956 pauca
534 3878 608 3936 sunt
630 3874 779 3955 exempla
809 3872 844 3937 ΕΙ
874 3876 909 3939 in
932 3877 991 3940 hoc
1014 3876 1169 3941 vocabulo
1193 3883 1268 3941 ante
1291 3876 1460 3942 Euclidem
1483 3898 1534 3961 po·

409 3970 505 4035 silae:
530 3964 727 4053 ὀφείλοντες
745 3976 795 4051 40,
817 3986 851 4052 11,
879 3969 1116 4059 ὀφειλημάτων
1142 3985 1179 4054 14,
1206 3971 1254 4036 Ol.
1269 3971 1320 4045 89,
1336 3973 1364 4037 1.
1396 3970 1534 4060 ὀφειλο-

408 4072 518 4149 μένων
542 4068 591 4145 58,
615 4078 629 4127 9
655 4065 775 4139 0192,
798 4066 829 4132 3.

493 4187 585 4245 χειρ
615 4164 746 4247 stirpem
777 4186 817 4231 ex
843 4190 924 4249 χερρ
955 4167 1071 4231 iactam
1095 4186 1165 4233 esse
1195 4176 1322 4250 praeter
1344 4167 1426 4233 alios
1450 4169 1534 4235 idern

409 4256 549 4325 ostendit
572 4260 772 4342 Bragmanus
795 4263 814 4325 l.
833 4264 853 4326 l.
875 4267 945 4329 118.
981 4264 1038 4329 scd
1061 4264 1179 4347 scripta
1201 4271 1276 4329 sunt
1295 4272 1535 4352 χειροτονῆσαι
