3575 5334
388 674 429 737 88
903 673 1003 727 Clsmm

386 847 593 931 interpretes,
627 864 645 909 c
675 844 789 927 quibus
816 844 979 927 Benieyus
1012 852 1044 910 et
1073 844 1289 911 Doederlinus
1320 848 1513 917 intensivum

388 945 551 1010 notionem
580 942 679 1025 alpha
707 940 839 1024 praefixi
868 950 1057 1023 agnoscunt.
1101 943 1161 1007 illc
1184 944 1267 1008 enim
1291 945 1307 1009 Ι
1329 948 1392 1009 594
1414 946 1514 1031 alpha

388 1043 605 1125 copulativum
634 1058 705 1104 esse
734 1040 844 1106 statuit
874 1039 1048 1121 vertitque:
1084 1038 1283 1118 ειίιυοίίαιιί,
1316 1041 1513 1122 ειίιᾶιιοιονιιί,

388 1137 571 1214 νσατυίιονιιί,
595 1137 647 1201 hie
667 1137 765 1219 gloss.
789 1136 882 1201 Hem.
900 1136 1028 1201 111306
1050 1156 1071 1201 0
1092 1138 1191 1203 verbo
1213 1134 1410 1221 ἀνατρύζειν
1434 1140 1514 1206 deri-

387 1242 459 1300 vat:
495 1234 702 1318 crespihrcrrd.
748 1234 822 1299 Alie
851 1233 1025 1300 Goebelius
1058 1235 1191 1318 protulit
1222 1235 1256 1298 iu
1290 1235 1371 1302 dier.
1404 1255 1513 1319 gymu.

388 1332 436 1396 IX
459 1336 530 1398 313.
576 1331 644 1397 Nos
672 1351 742 1396 cum
766 1330 873 1395 Curtio
897 1328 1116 1395 Herodianum
1144 1332 1321 1414 sequimur,
1351 1339 1387 1398 ut
1415 1328 1514 1415 ἀτρύ-

388 1452 537 1511 γ-ε-το-ς
566 1448 781 1512 synonymum
803 1446 875 1494 cssc
903 1434 1080 1492 statuamus
1107 1427 1261 1510 adjectivi
1289 1425 1442 1513 ἄτρυτος.
1486 1433 1513 1497 Α

389 1524 502 1611 τρύειν
524 1526 624 1590 verbe
647 1522 859 1607 ἀτρύ-ε-το-ς
881 1545 946 1591 nen
974 1525 1068 1589 aliter
1091 1522 1258 1589 descendit
1279 1530 1376 1607 atquc
1405 1524 1514 1593 ἀτί-ε-

388 1647 464 1699 το-ς
485 1643 506 1687 a
527 1626 611 1687 τίειν
628 1656 668 1668 -
684 1622 866 1690 chcckius
888 1622 983 1704 preli.
1005 1624 1067 1686 374
1089 1629 1255 1704 comparat
1276 1624 1374 1688 etium
1396 1623 1515 1691 formas

388 1717 566 1801 ἀμάχετος,
590 1715 764 1801 εὐέργετος
781 1754 818 1766 -
837 1727 869 1783 ct
890 1730 1059 1801 postquam
1081 1738 1122 1784 ex
1137 1744 1155 1783 ν
1172 1720 1275 1785 vocali
1290 1745 1311 1783 τ
1326 1728 1437 1788 natum
1456 1728 1512 1802 est,

385 1818 455 1901 jam
485 1817 660 1898 antiquitus
682 1840 703 1880 ν
724 1818 757 1881 in
786 1838 806 1899 y
834 1817 970 1884 transiit.
1014 1814 1210 1897 significatio
1238 1824 1344 1884 autem
1374 1838 1440 1884 nou
1469 1826 1513 1884 at·

389 1914 469 1995 triti,
499 1914 673 1992 immutati,
702 1913 815 1978 invicti
843 1920 874 1978 et
900 1914 942 1977 ad
971 1933 1059 1979 mare
1088 1919 1120 1979 et
1145 1913 1189 1978 ad
1209 1915 1342 1980 aethera
1368 1915 1513 1997 quadrat,

316 1995 325 2016 ⁸
388 2031 484 2093 quam
507 2010 549 2075 ad
572 2010 843 2094 comprobandam
865 2010 999 2075 inservit
1020 2010 1116 2075 etiam

474 2149 527 2222 37)
562 2142 741 2230 ἀτρυτος
766 2143 854 2229 apud
876 2145 975 2227 Seph.
999 2145 1051 2226 Aj.
1076 2148 1136 2210 788

516 2285 549 2344 τί
569 2277 607 2363 μ)
633 2270 674 2345 αύ
696 2279 856 2345 τάλαιναν
878 2276 1003 2363 ἀρτίως
1027 2284 1247 2366 πεπαυμένην

517 2384 627 2443 κακῶν
651 2375 837 2462 ἀτρύτων
861 2376 898 2458 ἐξ
920 2375 1021 2460 ἕδρας
1045 2372 1219 2456 ἀνίστατε,·

389 2497 497 2564 Sehcl.
521 2496 589 2560 Pal.
608 2492 896 2579 ττολυτρύτων,
919 2493 1027 2559 ντάνυ
1050 2491 1247 2560 κακούντων.
1281 2496 1391 2581 Alpha
1412 2496 1513 2563 inten-

388 2594 492 2659 sivum
525 2600 727 2674 agncverunt
760 2593 857 2658 etism
881 2593 1038 2657 Valcken.
1067 2591 1110 2656 ad
1138 2594 1274 2658 Theocr.
1302 2591 1364 2658 Ad.
1388 2596 1452 2658 270
1484 2600 1514 2661 et

262 2776 266 2783 .
389 2688 620 2771 Doederlinus,
659 2688 700 2754 de
731 2690 830 2772 alpha
858 2689 975 2754 iniens.
999 2691 1036 2751 21
1073 2690 1142 2772 qui:
1172 2691 1367 2771 sexcenties,
1401 2691 1512 2775 inquit,

389 2787 479 2869 ipsae
503 2786 671 2851 molestiae
691 2783 804 2872 τρύειν
827 2785 974 2850 dicuntur
995 2785 1157 2851 homiuem
1181 2786 1400 2869 defatigando,
1426 2808 1514 2854 num·

390 2903 485 2965 quam
522 2881 661 2946 vicissim
700 2881 795 2947 hcmc
833 2881 947 2947 dicitur
987 2882 1150 2949 molestias
1186 2883 1354 2949 tolerando
1390 2904 1430 2949 ac
1466 2906 1514 2951 su·

389 2977 543 3063 perrunde.
588 2979 653 3044 Sed
683 2986 767 3045 recte
790 2979 861 3063 jam
876 2979 1079 3045 ¹vccabulum
1101 2981 1280 3063 explicatur
1301 2981 1352 3047 ut.
1375 2981 1418 3047 Μ.
1443 2986 1513 3065 167,

394 3080 432 3142 12
455 3072 596 3162 ἀτρυτος
619 3081 777 3163 σημαίνει
798 3075 855 3142 τὸν
879 3074 1144 3161 ἀκαταιτύνητον.
1161 3117 1175 3142 -.
1199 3126 1207 3142 .
1231 3125 1238 3142 .
1262 3074 1403 3162 ἀτρυτα·
1430 3076 1521 3145 ἀκού·

389 3199 488 3256 ματα,
520 3172 647 3260 σκληρὰ
671 3174 728 3238 καὶ
758 3172 885 3258 ἰσχυρά,
915 3180 947 3240 el
969 3172 1089 3238 similes
1110 3173 1198 3241 loces
1219 3175 1428 3243 Hennickeus
1453 3177 1515 3242 001·

365 3271 468 3353 'legit
497 3271 551 3335 ubi
581 3271 622 3337 de
650 3271 745 3337 rebus
775 3292 813 3337 ea
839 3270 1065 3354 praedicantur
1099 3291 1181 3353 quae
1210 3271 1338 3355 proprie
1372 3272 1414 3338 de
1446 3293 1515 3356 per·

389 3368 478 3433 souis
513 3369 633 3439 valent.
688 3368 801 3451 Itaque
838 3363 980 3452 ἄτρυτος
1017 3373 1067 3433 001
1103 3368 1312 3435 inexhaustus
1348 3375 1381 3435 et
1416 3370 1517 3453 alpha

391 3464 594 3548 privativum.
639 3463 685 3529 cf.
716 3467 811 3531 etiam
842 3464 997 3532 Ellendtii
1026 3466 1089 3529 lex,
1118 3465 1217 3547 Soph.
1246 3486 1268 3530 a
1291 3465 1440 3534 Geuthec
1469 3487 1515 3532 re

392 3567 560 3628 tractatum
584 3580 608 3625 s.
631 3580 661 3624 ν.

477 3699 529 3772 38)
564 3691 763 3773 ἀχύνετσς
786 3696 857 3762 Nic.
880 3698 973 3762 Alex.
1000 3701 1059 3761 174
1082 3694 1145 3775 (ed.
1168 3694 1205 3760 O.
1228 3696 1428 3770 Schneider).

518 3835 586 3914 ντύρ
608 3830 670 3911 μὲν
693 3826 834 3911 ἀείζωον
858 3833 915 3896 καὶ
937 3828 1139 3912 ἀχύνετον
1163 3829 1297 3915 ἔτρεσεν
1319 3828 1420 3913 cipp.

390 3965 497 4032 Sobel.
522 3963 769 4045 πολύχυτον.
813 3969 864 4033 Et.
888 3968 930 4032 M.
956 3971 1031 4048 183,
1058 3970 1096 4031 10
1119 3961 1291 4045 ἀχύνετον’
1320 3963 1453 4053 ἐγράφη
1477 3968 1515 4034 δὲ

389 4062 428 4127 τὸ
452 4088 473 4127 α
495 4058 581 4127 κατ’
606 4061 823 4142 ἐπίτασιν,
847 4058 893 4141 ὡς
908 4061 1039 4144 ἄξυλος.
1062 4064 1202 4148 Hesyeh.
1218 4054 1393 4144 ἀχύνετον·
1416 4063 1516 4130 πολύ.

390 4160 522 4226 Ionibus
543 4160 621 4227 solis
643 4180 682 4225 ac
703 4160 819 4227 Siculis
841 4162 926 4227 hane
954 4158 1220 4242 significationem
1241 4160 1386 4228 attribue
1414 4161 1515 4228 schel.

387 4257 432 4322 sd
454 4257 560 4341 Apoll.
583 4257 686 4323 Rhod.
709 4259 758 4324 ΠΙ
781 4262 842 4324 580
869 4258 926 4322 καὶ
949 4253 1167 4337 &percucurri
1190 4255 1276 4324 πολὺ
1299 4254 1384 4323 κατὰ
1399 4252 1515 4335 Ἴωνας
