3575 5334
728 679 761 733 de
779 679 894 734 dialecto
913 679 1067 736 herodotea.
1399 684 1457 744 151

334 850 444 917 omnia
472 850 652 917 Bredovius
681 855 724 934 (p.
748 853 821 925 377)
851 871 931 916 sano
955 851 1078 935 judicio
1107 873 1181 920 usus
1205 854 1366 922 Herodoto
1388 878 1462 923 eon-

333 949 435 1031 eedit,
469 955 581 1013 eontra
613 948 713 1013 nimia
744 946 881 1014 libidine
903 948 1098 1027 ,Dindorfius
1132 956 1174 1033 (p.
1197 950 1304 1029 XXV)
1341 960 1375 1018 ut
1407 955 1462 1037 qui

334 1048 446 1128 Iones,
477 1068 539 1129 quo
567 1045 675 1129 plures
697 1047 934 1111 cumularentur
955 1048 1099 1128 vocales,
1130 1067 1168 1113 eo
1190 1050 1314 1133 majore
1335 1052 1461 1119 laetitia

333 1145 467 1211 affectos
489 1163 560 1210 essu
582 1143 642 1209 sibi
664 1142 858 1226 imaginatus
880 1142 937 1223 sit,
965 1143 1000 1207 in
1021 1139 1306 1229 ἆνδραποδιέεται
1324 1154 1460 1232 χαριέε-

335 1248 420 1308 σθαι
444 1240 578 1307 dissolvi
596 1240 698 1323 jubet.
739 1238 804 1306 Sed
827 1260 889 1322 quo
907 1239 981 1321 jure
1003 1240 1048 1306 sio
1070 1242 1180 1325 egerit,
1202 1244 1281 1308 mihi
1302 1264 1367 1310 non
1389 1265 1460 1330 per·

334 1340 478 1423 spiouum
508 1346 571 1421 est;
602 1337 683 1401 nihil
712 1337 797 1403 euim
826 1344 875 1402 est
903 1337 1047 1419 planius,
1078 1357 1173 1420 quam
1203 1340 1288 1422 quod
1317 1342 1458 1426 Ionibus,

334 1438 393 1503 etsi
415 1441 490 1520 post
512 1455 669 1501 consonas
690 1434 766 1500 item
789 1440 861 1517 post
884 1433 1119 1518 diphthongum
1142 1460 1174 1500 ot
1194 1460 1228 1502 se
1251 1437 1338 1502 haud
1361 1459 1461 1522 aegre

333 1533 496 1613 ferebant,
526 1533 647 1615 duplex
676 1555 710 1597 εε
740 1536 813 1613 post
840 1532 970 1596 mollem
994 1532 1138 1598 vooalem
1162 1558 1175 1597 ι
1196 1534 1278 1599 adeo
1298 1535 1457 1619 ‘inoppor-

333 1638 445 1696 tunum
466 1648 639 1711 eorumque
661 1628 708 1694 ori
730 1627 811 1693 adeo
833 1628 1069 1694 incommodum
1091 1637 1176 1713 erat,
1208 1637 1243 1696 ut
1267 1632 1362 1716 hujus
1384 1654 1458 1699 oon·

329 1728 507 1811 junctionis
529 1726 703 1792 vosalieiae
731 1725 911 1791 molestiam
940 1727 1159 1793 contractione
1184 1730 1342 1795 vocalium
1366 1756 1401 1796 εε
1423 1731 1458 1800 iu

334 1850 362 1891 ει
385 1826 473 1891 faeta
495 1824 660 1891 evitarent.
711 1822 915 1905 Quapropter
936 1820 1024 1889 ἀνίει
1045 1824 1090 1889 IV
1114 1824 1183 1907 152,
1207 1821 1305 1891 ἀπίει
1326 1827 1372 1893 IV
1396 1832 1455 1892 157

335 1924 359 1986 V
385 1925 445 1987 107
477 1941 554 1986 vera
582 1928 671 2001 sunt,
706 1925 738 1985 et
761 1919 835 2002 jure
858 1919 1035 1987 Bredovius
1062 1921 1204 1988 Steinius
1226 1922 1271 1987 IV
1297 1928 1355 1988 125
1384 1946 1457 1991 oum

334 2019 401 2085 uod.
426 2019 459 2081 R
486 2014 574 2083 ἀνίει
601 2038 659 2100 pro
689 2013 779 2081 ἅνίεε
809 2017 966 2100 soribunt3
997 2038 1072 2082 narn
1101 2019 1129 2083 si
1157 2018 1217 2084 has
1238 2019 1363 2098 jformas
1384 2042 1457 2088 oum

334 2114 448 2182 ἐτίθεε
477 2114 767 2198 comparaverimus
775 2162 783 2194 ,
815 2138 845 2178 ει
874 2133 915 2179 ex
944 2139 978 2179 oe
1007 2134 1064 2197 per
1092 2115 1357 2198 eontraetionem,
1390 2140 1455 2185 non

333 2222 439 2279 autem
473 2233 513 2279 ex
542 2236 561 2298 η
592 2218 694 2276 ortum
724 2230 796 2277 esse
816 2210 1042 2293 -judioabimus
1075 2210 1173 2294 (Curt.
1197 2212 1292 2278 Verb.
1315 2234 1347 2296 p.
1372 2219 1455 2293 154).

335 2311 437 2395 Hujus
471 2308 695 2375 contractionis
727 2328 856 2373 oausam
896 2315 1120 2391 praeterquam
1153 2308 1186 2374 in
1219 2309 1339 2392 duplioi
1373 2336 1388 2376 ε
1421 2312 1456 2378 in

334 2407 439 2474 mollis
461 2407 583 2472 vocalis
600 2431 611 2471 ι
629 2413 745 2471 natura
766 2405 941 2471 consistere
963 2406 1165 2471 manifestum
1188 2416 1246 2488 est,
1269 2426 1368 2489 quare
1390 2428 1455 2473 non
1529 2412 1531 2414 ’

333 2504 454 2585 dubito,
480 2505 565 2586 quin,
595 2523 665 2568 oum
688 2502 784 2567 etiam
806 2527 835 2580 v,
858 2502 906 2567 illi
931 2528 943 2567 ι
965 2503 1124 2569 artissime
1146 2508 1325 2586 cognatum,
1349 2505 1456 2573 mollis

333 2602 455 2668 voealis
484 2601 541 2681 sit,
570 2599 649 2665 VIII
672 2604 711 2665 65
741 2599 884 2664 oodioum
908 2600 1064 2682 scriptura
1089 2611 1238 2682 μυεῖται,
1267 2602 1357 2684 nujus
1385 2602 1461 2668 loeo,

332 2720 442 2766 ornnes
473 2697 678 2780 dialeotologi
701 2703 733 2762 et
760 2696 900 2762 editores
921 2703 1060 2777 μυέεται
1081 2706 1219 2781 ponunt,
1249 2698 1378 2765 retineri
1401 2699 1456 2765 de·

331 2797 413 2864 beat.
458 2794 549 2874 Quae
572 2795 657 2861 enim
681 2793 899 2860 dissolutionis
921 2815 1019 2859 eausa
1040 2799 1105 2874 est,
1134 2795 1196 2860 nisi
1218 2793 1336 2877 dogma
1362 2795 1454 2879 illud,

331 2895 448 2978 ubique
471 2891 635 2973 creditum,
659 2911 816 2972 nusquam
840 2891 1115 2957 demonstratum?
1157 2891 1257 2972 Quid,
1281 2891 1366 2974 quod
1388 2913 1454 2958 non

330 2994 432 3058 solum
462 2998 534 3074 post
563 3015 575 3053 ι
603 2996 635 3054 et
661 3014 696 3067 v,
729 2987 787 3054 sed
817 2990 913 3054 etiarn
942 2996 1015 3072 post
1043 3013 1063 3075 η
1094 2980 1250 3054 dialectus
1280 2988 1455 3056 herodotea

330 3089 579 3156 oontraotionem
612 3085 776 3151 admittit?
823 3087 899 3153 Siue
931 3087 1000 3151 ulla
1033 3087 1117 3151 enim
1149 3085 1369 3165 fluctuatione,
1403 3086 1454 3151 uui

331 3186 459 3270 quidem
489 3183 569 3250 fides
602 3183 772 3263 debeatur,
806 3184 942 3266 legimus
971 3180 1111 3268 ἐθηεῖτο
1139 3181 1155 3244 Ι
1179 3186 1234 3260 10,
1268 3178 1453 3266 (ἑθηῆτοᾞ

331 3284 436 3362 Rbdz)
466 3285 506 3347 68
538 3282 581 3345 IV
605 3283 661 3360 85,
696 3278 838 3366 (ἐθηῆτο
868 3281 921 3354 dz)
951 3279 1013 3343 Vll
1036 3284 1087 3343 44.
1122 3281 1172 3342 56.
1208 3282 1278 3341 100.
1312 3279 1384 3358 208,
1419 3284 1454 3343 ut

331 3388 458 3465 praeter
491 3376 691 3443 Dindorfium
730 3383 772 3459 (p.
795 3376 967 3453 XXXVII)
1003 3395 1097 3442 nemo
1133 3374 1167 3439 id
1203 3373 1361 3440 sollicitet.
1412 3375 1453 3440 ut

331 3478 487 3561 profesto!
530 3474 606 3562 quid
635 3474 764 3556 mirum,
800 3473 885 3556 quod
911 3474 1006 3539 lones
1035 3478 1083 3536 ott
1109 3471 1317 3555 pronuntiare
1345 3471 1455 3554 nequi-

331 3575 423 3657 bant,
446 3572 505 3640 sed
528 3572 570 3635 eei
585 3570 834 3655 praeferebant?

414 3673 589 3752 Postquam
612 3668 651 3733 de
673 3667 811 3733 flexione
825 3667 994 3733 verborum
1014 3665 1048 3732 in
1071 3690 1116 3733 εω
1140 3666 1257 3732 dietum
1280 3672 1338 3748 est,
1360 3666 1454 3732 itera·

332 3769 397 3835 tiva
418 3768 462 3833 ab
483 3767 530 3833 eis
553 3765 698 3832 derivata
719 3771 901 3847 sequentur.
941 3765 1029 3830 Haeo
1047 3763 1211 3847 -iterativa,
1234 3763 1365 3829 Ionibus
1385 3763 1453 3830 fers

335 3865 480 3949 propria,
515 3863 565 3941 (ui.
588 3863 666 3928 Ahr.
688 3862 722 3927 II
744 3865 821 3945 290,
855 3862 988 3933 thner
1011 3882 1039 3926 a.
1063 3861 1101 3927 G.
1131 3862 1163 3925 1²
1184 3882 1215 3945 p.
1240 3865 1299 3925 551
1330 3865 1396 3926 not.
1419 3863 1453 3939 3)

334 3960 417 4046 apud
431 3960 606 4027 Homerum
629 3960 731 4025 autin
746 3981 882 4024 -εεσκον
905 3964 960 4023 aut
975 3958 1169 4043 hyphaeresi
1187 3959 1272 4024 taeta
1286 3957 1319 4021 in
1334 3979 1452 4022 -εσκον

402 4194 433 4256 ²²)
455 4188 558 4255 ἒθηῆτο
577 4189 600 4244 si
617 4164 726 4243 omnino
736 4195 810 4243 stare
826 4192 927 4257 posset,
945 4202 962 4241 a
980 4183 1126 4257 *θηάομαι
1142 4213 1177 4235 =
1191 4183 1311 4252 θεάομαι
1328 4181 1452 4237 derivan-

339 4268 440 4327 dumet
457 4286 520 4326 cum
536 4269 711 4339 hippocrateo
729 4266 826 4332 ἐθεῆτο
843 4266 1054 4337 comparandum
1070 4272 1148 4321 esset.
