3575 5334
334 676 374 736 20
852 678 953 733 Clemm

335 851 388 933 qui
410 851 562 932 incanuit,
592 852 631 915 ct.
654 852 860 914 incanescere.
905 850 974 915 Hac
996 850 1066 916 sola
1092 849 1216 914 ratione
1238 848 1454 930 intellegimus

333 949 441 1031 tepens
455 948 475 1013 i.
492 968 519 1013 o.
543 948 754 1025 anwaolzscnd,
778 948 863 1029 quod
885 968 949 1030 qua
971 948 1025 1012 via
1046 946 1088 1011 ad
1111 948 1304 1013 intensivum
1327 966 1454 1011 sensum

333 1046 530 1128 pervenerit,
564 1066 644 1128 opus
671 1044 742 1128 jam
775 1066 841 1109 uon
874 1052 923 1111 est
956 1045 1100 1129 pluribus
1128 1063 1297 1127 exponere.
1342 1044 1456 1125 Inpares

334 1141 440 1225 igitur,
463 1143 491 1208 si
512 1148 622 1208 nostra
644 1141 816 1226 explicatio
832 1161 911 1208 vera
932 1147 989 1223 est,
1014 1148 1133 1206 certum
1155 1142 1196 1206 sit
1219 1142 1403 1223 exemplum
1424 1141 1456 1201 ia

331 1238 420 1305 illius
442 1240 468 1306 si
493 1240 542 1307 dis
565 1240 671 1323 placet
692 1239 845 1305 intensivi
867 1259 938 1305 cum
960 1240 1091 1304 nomine
1119 1239 1298 1321 conjuncti;
1328 1239 1457 1300 incanus

331 1344 444 1402 contra
472 1344 505 1402 et
533 1357 617 1420 quae
645 1344 813 1419 praeterea
842 1337 993 1419 exempla
1015 1356 1114 1419 supra
1135 1336 1304 1418 rejecimus
1332 1342 1457 1400 tantum

332 1433 433 1516 abest,
464 1442 499 1499 ut
520 1436 714 1501 intensivum
744 1434 906 1500 notionem
929 1433 1119 1515 exhibeant,
1150 1434 1238 1498 utin
1262 1433 1457 1498 contrarium

331 1531 456 1614 possint
477 1551 604 1597 sensum
629 1532 728 1597 abire.
772 1533 878 1614 Atque
901 1532 961 1596 hoc
983 1549 1109 1613 quoque
1131 1531 1222 1595 varia
1243 1532 1367 1596 ratione
1390 1531 1456 1595 lieri

332 1628 445 1712 potuit,
467 1630 556 1695 velut
571 1629 597 1694 si
613 1629 650 1709 is,
674 1629 707 1693 iu
723 1648 785 1710 quo
801 1627 924 1710 aliquid
946 1648 1059 1693 canum
1083 1635 1142 1708 est,
1165 1629 1216 1692 vel
1239 1628 1362 1710 aliquid
1384 1628 1456 1693 cani

331 1726 481 1806 cernitur,
512 1726 542 1791 ei
569 1726 749 1809 opponitur,
779 1726 832 1807 qui
862 1744 944 1790 cauo
972 1726 1078 1790 colore
1103 1726 1287 1808 superfusus
1316 1733 1379 1806 est,
1410 1728 1457 1787 in-

332 1843 428 1885 canus
449 1832 544 1885 etwas
564 1843 662 1904 prou,
683 1821 837 1905 practici,
861 1824 949 1884 weiss
970 1829 1096 1887 vertere
1117 1821 1202 1887 licet.
1248 1824 1356 1887 Potest
1378 1843 1458 1887 sane

332 1940 372 1985 ca
393 1917 635 2001 significationis
657 1919 791 1983 mutatio
813 1919 962 2001 cogitari,
986 1939 1050 1983 uon
1074 1918 1186 1999 debet,
1216 1940 1290 1984 nam
1314 1920 1401 2002 qnod
1422 1920 1456 1983 in

331 2015 444 2081 lexicis
472 2017 601 2078 incanus
628 2015 746 2082 uostris
769 2016 939 2099 adjectivis
959 2036 1040 2098 grau
1063 2023 1095 2080 et
1124 2017 1211 2079 uass
1237 2017 1390 2099 redditur,
1422 2016 1457 2081 id

332 2113 467 2179 forsitan
490 2113 647 2197 quispiam
670 2113 746 2179 inde
775 2113 1002 2197 explicaverit,
1033 2113 1118 2194 quod
1145 2115 1290 2179 notiones
1313 2116 1456 2179 colorum

331 2210 366 2276 in
388 2211 535 2278 omnibus
558 2210 623 2277 fere
645 2210 763 2293 linguis
785 2212 899 2275 mirum
921 2210 954 2274 in
978 2210 1107 2274 modum
1129 2209 1290 2275 fluctuent.

418 2308 537 2374 Verum
566 2310 663 2374 etiam
690 2309 732 2373 ab
760 2308 941 2390 ingressive
968 2306 1100 2399 notione
1126 2315 1377 2373 cousentaneum
1408 2314 1457 2373 est

331 2426 397 2471 non
419 2405 580 2470 difficilem
602 2405 772 2471 transitum
795 2424 866 2471 esse
881 2404 924 2468 ad
943 2402 1183 2485 deminutivum,
1206 2426 1276 2470 cum
1300 2406 1456 2488 ingressio

232 2533 235 2540 r
330 2503 378 2569 ita
393 2523 520 2586 quoque
535 2502 666 2584 cogitari
684 2504 794 2585 possit,
811 2509 845 2566 ut
859 2502 931 2584 ipsa
946 2502 1075 2565 eventui
1090 2508 1243 2583 tanquam
1259 2502 1314 2568 iini
1329 2504 1454 2567 initium

331 2600 383 2664 vel
399 2599 536 2665 actionis
551 2601 605 2665 vel
619 2606 721 2665 status
737 2603 937 2683 opponatur:
961 2596 1045 2679 quod
1061 2596 1095 2662 fit
1114 2599 1255 2664 nondum
1278 2600 1454 2684 perlectum

333 2702 382 2761 est
404 2702 435 2762 et
458 2696 512 2777 qui
533 2696 709 2761 incanescit
731 2695 874 2761 nondum
897 2701 946 2759 est
967 2714 1077 2759 canus.

418 2794 483 2859 Alii
519 2795 666 2875 exemplo
696 2794 728 2855 ta
761 2793 846 2876 quod
883 2813 954 2861 esse
993 2797 1164 2861 voluerunt
1198 2794 1349 2859 intensivi
1390 2815 1455 2858 non

332 2890 443 2973 video,
480 2910 537 2955 cur
572 2909 643 2954 cum
680 2891 876 2956 Doederliuo
910 2890 1004 2957 fidem
1042 2892 1256 2974 denegemus:
1293 2892 1457 2975 r'ncupidus

333 2987 419 3052 enim
447 2987 642 3070 adjectivum
669 2988 787 3071 legitur
815 2989 903 3073 apud
926 2990 1037 3054 Afran.
1067 3011 1097 3053 v.
1121 2994 1180 3055 361
1209 2990 1303 3054 Ribb.
1330 2990 1364 3052 in
1394 3008 1456 3071 quc

332 3085 528 3169 praepositio
558 3084 765 3150 directionem
793 3086 839 3150 ita
867 3086 1033 3169 exprimit,
1070 3095 1105 3152 ut
1132 3088 1295 3171 incupidus
1322 3088 1374 3151 vel
1404 3088 1455 3164 sit,

333 3182 386 3265 qui
414 3184 448 3247 in
477 3181 660 3266 cupidinem
688 3183 841 3265 abreptus
870 3191 920 3247 est
949 3185 1001 3249 vel
1030 3185 1084 3265 qui
1112 3184 1208 3267 gestit
1235 3184 1357 3266 aliquid
1384 3184 1405 3247 i.
1428 3202 1455 3247 e.

331 3281 364 3345 in
394 3280 535 3363 aliquam
564 3300 641 3346 rem.
686 3281 829 3345 'Pertium
852 3281 942 3346 brevi
975 3281 1108 3347 accedet
1138 3282 1337 3364 exemplum,
1371 3280 1457 3363 quod

332 3396 404 3441 cum
426 3377 566 3442 tenebris
588 3377 734 3441 obrutum
756 3376 862 3442 adhuc
880 3378 1052 3460 jacuisset,
1082 3398 1183 3461 nuper
1204 3380 1237 3442 in
1259 3380 1364 3442 lucem
1388 3398 1458 3461 pro·

333 3474 431 3538 traxit
451 3473 613 3539 Gustavns
638 3474 809 3549 Loevveus,
833 3474 887 3554 qui
909 3481 1003 3556 grata
1024 3476 1218 3541 liberalitate
1240 3494 1321 3557 quae
1343 3496 1459 3559 prope·

334 3570 419 3635 diem
461 3570 548 3653 typis
584 3568 751 3633 mandabit
789 3588 913 3634 mecum
956 3592 1035 3655 per.
1056 3572 1165 3637 literas
1201 3573 1456 3638 communicavit.

334 3666 492 3746 Quoniam
514 3672 620 3731 autem
643 3665 713 3748 ejus
736 3665 918 3732 dissertatio
941 3668 1084 3734 nondum
1106 3668 1195 3735 edita
1217 3677 1280 3749 est,
1311 3690 1353 3734 ne
1375 3671 1457 3735 anti-

334 3764 477 3846 cipemus
505 3782 587 3845 quae
619 3762 663 3827 ibi
689 3764 868 3830 accuratius
896 3767 1044 3847 exposita
1069 3768 1230 3848 legentur,
1259 3773 1383 3831 tantum
1412 3768 1457 3833 ai·

334 3859 461 3925 firmare
488 3860 585 3925 liceat
612 3879 682 3925 cum
706 3877 724 3924 e
746 3858 889 3924 codicum
919 3862 1024 3926 Plauti
1054 3864 1271 3928 Palatinorum
1299 3866 1458 3948 scriptura

334 3964 401 4021 tum
428 3975 448 4022 e
478 3955 613 4023 diversis
640 3957 819 4039 glossarum
846 3959 1036 4024 testimoniis
1065 3979 1105 4024 cx
1134 3961 1246 4025 eodem
1276 3962 1364 4028 fonte
1392 3984 1457 4028 non

334 4051 522 4118 derivandis
553 4053 690 4136 priscam
722 4053 855 4119 formam
887 4055 1015 4117 columis
1042 4056 1194 4139 adjectivi
1224 4059 1330 4140 colligi
1361 4080 1458 4144 posse

331 4148 427 4231 juxta
454 4150 615 4212 incolumis
641 4151 733 4215 nulla
760 4149 826 4215 iere
853 4158 909 4215 aut
937 4154 1051 4217 saltem
1076 4174 1139 4218 non
1162 4174 1280 4236 magna
1301 4156 1458 4239 significa-

335 4245 432 4312 tionis
467 4246 656 4312 differeutia.
713 4249 817 4329 Atque
851 4254 886 4312 ut
912 4248 1014 4315 libere
1046 4250 1196 4333 profitear
1228 4253 1313 4334 quod
1342 4256 1455 4336 sentio,
