3575 5334
749 717 782 772 de
800 718 883 785 alpha
900 718 1040 773 intensive.
1420 715 1462 777 97

329 888 388 952 aul
421 887 461 952 τὸ
496 884 552 954 ἀεὶ
585 890 701 954 κλαῖον
739 888 888 955 παιδίον.
944 888 995 954 Τά
1023 913 1060 955 τε
1091 885 1241 976 ἆκραγγῆ
1274 886 1462 970 ὀξύχολα.

331 984 441 1067 Alphe
463 986 536 1051 sine
558 986 655 1052 dubio
677 1006 735 1069 pro
757 986 916 1052 intensivo
939 987 1052 1053 habuit
1069 987 1304 1069 grammaticus,
1327 986 1385 1053 sed
1408 1006 1464 1053 ne-

329 1082 397 1146 scio
419 1102 464 1147 an
486 1084 527 1148 sit
548 1084 821 1168 praepositionale
843 1091 1007 1165 totumque
1029 1085 1219 1150 vocabulum
1241 1083 1462 1151 scribendum:

331 1171 500 1263 ἀγκραγές
523 1201 580 1263 pro
603 1177 768 1266 ἆκραγγές
789 1182 810 1246 i.
834 1200 862 1247 e.
889 1180 1029 1247 παιδίον
1053 1177 1071 1245 ὃ
1095 1178 1286 1264 ἀνακράζετ,
1312 1182 1464 1264 quoniam

333 1274 504 1360 δυσχερὲς,
526 1275 675 1357 χαλεπὸν
698 1285 755 1344 est.
794 1278 976 1344 Lobeekius
999 1278 1085 1362 path.
1103 1280 1144 1343 el.
1161 1280 1193 1343 ΙΙ
1209 1282 1265 1344 36;
1288 1285 1344 1344 aut
1365 1279 1463 1360 idem,

331 1372 452 1455 inquit,
476 1373 620 1440 declarat
642 1375 727 1457 quod
750 1373 995 1459 κραυγαοττκόν
1018 1381 1182 1458 assumpto
1204 1376 1304 1459 alpha
1324 1374 1367 1441 ad
1390 1395 1463 1441 con·

332 1468 558 1536 formationem
580 1473 668 1538 vocis
695 1473 877 1538 necessario
908 1480 963 1537 aut
991 1471 1197 1554 ὁοςβάῦκτον
1225 1473 1371 1556 improbe
1400 1474 1465 1539 cla·

333 1585 469 1631 mosum.
500 1567 579 1633 Cum
601 1578 709 1636 nostro
725 1571 881 1636 vocabulo
904 1588 983 1635 eave
997 1588 1040 1634 ne
1055 1569 1232 1636 confundas
1247 1570 1463 1654 Aeschyleum

334 1663 452 1741 (Prom.
476 1668 551 1742 803)
582 1660 739 1753 ἀκραγεῖς
761 1665 863 1743 κύνας
884 1667 906 1731 i.
930 1686 957 1732 e.
986 1667 1129 1750 gryphas
1150 1673 1270 1748 mutos,
1299 1666 1354 1732 ubi
1376 1686 1464 1733 nunc

332 1761 524 1844 scripturam
548 1764 617 1829 cod.
640 1764 725 1829 Med.
748 1762 932 1830 Dindoriius
954 1764 988 1828 in
1011 1759 1188 1847 ἄκλαγγεῖς
1210 1764 1361 1848 mutavit,
1388 1766 1465 1847 quia

333 1876 431 1925 canes
453 1879 521 1924 non
543 1862 683 1927 clamare
706 1861 764 1927 sed
792 1863 912 1927 latrare
935 1859 1105 1925 dicendum
1128 1861 1179 1927 sit.
1223 1862 1331 1946 Alpha
1353 1862 1463 1945 utique

334 1956 529 2037 privativum
552 1964 610 2023 est.

416 2053 494 2118 Alia
510 2056 660 2137 exempla
674 2054 860 2122 decurtatae
881 2054 1130 2139 praepositionis
1151 2054 1233 2120 inter
1251 2074 1290 2121 ea
1304 2056 1464 2122 vocabula

333 2170 395 2214 non
410 2151 596 2217 invenimus
611 2171 693 2233 quae
710 2152 752 2217 ab
768 2153 866 2236 alpha
879 2153 1039 2217 intensive
1054 2152 1197 2235 incipere
1218 2151 1278 2216 viri
1294 2150 1379 2217 docti
1402 2151 1464 2219 sta-

334 2253 477 2331 tuerunt,
507 2249 570 2314 nisi
601 2251 670 2331 quis
699 2249 780 2315 iorte
810 2270 915 2333 pauca
943 2269 984 2316 ex
1006 2250 1110 2332 prima
1131 2254 1242 2313 nostra
1270 2249 1373 2314 classe
1402 2250 1464 2315 hue

334 2345 451 2411 referre
481 2346 613 2411 mavult.
658 2345 751 2425 Quod
780 2346 834 2411 ubi
863 2346 930 2411 fieri
964 2347 1082 2429 possit,
1114 2366 1212 2429 supra
1239 2344 1463 2411 indicavimus.

335 2440 500 2526 Perpauca
534 2442 754 2508 tantummodo
783 2450 858 2510 sunt
886 2444 920 2508 in
949 2444 1063 2526 quibus
1095 2442 1220 2509 Curtius
1252 2442 1348 2508 etiam
1382 2443 1464 2508 alias

335 2540 590 2624 praepositiones
611 2541 773 2606 mutilatas
796 2560 866 2606 esse
888 2548 998 2606 censet
1019 2541 1108 2606 velut
1130 2532 1220 2625 ἀμφί
1241 2541 1274 2605 in
1298 2536 1464 2624 ἄτρακτος

335 2645 364 2701 et
384 2633 513 2721 ἄβολος
537 2638 570 2715 (l.
593 2638 615 2701 l.
638 2658 669 2720 p.
693 2640 779 2719 461),
806 2630 875 2701 ἇττό
898 2637 932 2702 in
955 2636 1082 2702 ἄποινα
1105 2638 1161 2716 (ib.
1184 2640 1268 2715 282).

636 2890 673 2953 V.
718 2891 862 2955 ALPHA
885 2890 1050 2955 STIRPIS
1077 2890 1167 2956 EST.

417 3041 588 3106 Nonnulla
603 3040 759 3106 vocabula
780 3047 905 3107 veteres
927 3040 1126 3124 grammatici
1149 3045 1181 3105 et
1203 3039 1333 3121 quidam
1356 3059 1465 3105 recen-

338 3140 431 3205 tiores
453 3140 539 3202 inter
561 3137 660 3220 alpha
681 3138 831 3203 intensivi
854 3140 1005 3221 exempla
1026 3138 1232 3218 rettulerunt,
1256 3156 1387 3217 quorum
1411 3156 1465 3200 vo-

337 3238 436 3302 calem
459 3234 618 3299 initialem
641 3234 683 3298 ad
706 3235 837 3317 stirpem
867 3235 1029 3317 pertinere
1058 3234 1110 3298 vel
1137 3232 1305 3297 manifesto
1328 3239 1465 3316 apparet

338 3336 385 3398 rel
407 3333 478 3398 veri
502 3331 618 3397 saltem
641 3330 837 3397 simillimum
860 3339 918 3398 est.
963 3332 1011 3396 Ac
1033 3329 1173 3395 dubitari
1202 3349 1266 3394 non
1289 3336 1396 3413 potest
1424 3329 1465 3395 de

336 3428 444 3495 formis

423 3568 453 3637 1)
478 3559 605 3656 doleat
627 3568 659 3627 et
681 3564 712 3639 2)
736 3530 890 3639 ἄατος,

335 3717 470 3781 quarum
487 3694 578 3760 illam
594 3696 773 3781 Hesychius
797 3697 937 3781 explicat
959 3692 1061 3780 ἄγαν
1083 3693 1238 3778 βλάπτει,
1266 3696 1350 3761 hanc
1366 3696 1467 3761 schol.
1568 3737 1570 3739 ψ

335 3795 377 3860 ad
396 3794 508 3877 Apoll.
524 3793 627 3858 Rhod.
644 3795 736 3858 1459
760 3790 779 3881 ἡ
798 3791 899 3877 ἄγαν
923 3791 1090 3878 pitantias}
1101 3810 1108 3823 ·
1131 3792 1170 3856 τὸ
1192 3790 1256 3876 γὰρ
1274 3816 1295 3856 α
1310 3791 1349 3857 τὸ
1371 3799 1467 3877 τορεῦ-

335 3915 393 3956 τον
416 3889 620 3966 anteacto
650 3888 753 3955 ἐστιν.
797 3890 973 3972 Utramque
1001 3890 1135 3954 formam
1157 3910 1177 3954 a
1199 3888 1299 3973 stirpe
1323 3913 1389 3953 ατο
1417 3910 1468 3954 ra·

334 3988 417 4054 dicis
440 4011 485 4051 ar
507 3986 576 4051 sive
592 4010 635 4050 τα
651 3985 847 4053 descendere
869 4006 927 4070 per
942 4006 978 4051 se
999 3993 1089 4070 patet
1109 4005 1169 4052 nec
1189 3988 1293 4068 magis
1315 4006 1395 4067 opus
1418 3993 1467 4050 cst

334 4085 378 4150 de
397 4086 451 4150 his
472 4082 596 4148 duobus
617 4084 782 4149 vocabulis
805 4083 934 4149 uberius
957 4082 1114 4149 disserere
1136 4104 1231 4165 quam
1256 4084 1297 4147 de
1317 4081 1358 4144 iis
1384 4098 1468 4160 quae

335 4181 490 4266 deinceps
529 4185 747 4264 proponentur
780 4175 945 4265 ἀλαλητός
979 4188 1011 4245 et
1043 4177 1174 4256 ἀνεκὰς.
1229 4168 1345 4271 Aliter]
1359 4180 1466 4239 autem

333 4287 434 4361 atque
456 4276 621 4361 Apollonii
642 4275 724 4341 illud
755 4272 858 4351 ἄατος
879 4277 1083 4342 Homericum
1112 4277 1290 4359 explicatur
1317 4272 1398 4348 ἆτος
1420 4272 1468 4336 in-

387 4379 503 4427 cursurus.
521 4376 614 4418 Studien
628 4376 685 4417 Vm.
1247 4376 1262 4424 7
