3575 5334
330 693 392 756 258
848 694 935 749 Cauer

330 869 473 932 ultimam
499 889 513 929 ε
534 867 568 930 iu
585 890 596 929 ι
615 873 769 932 mutatam
792 885 862 932 esse
886 885 1020 950 eamque
1043 885 1083 931 ex
1105 864 1280 931 indicativo
1303 866 1402 930 etiam
1424 866 1454 929 in

330 964 522 1030 infinitivum
538 971 723 1045 ceterasque
737 963 856 1028 formas
872 964 965 1028 huius
980 963 1070 1028 verbi
1085 963 1254 1046 irrepsisse
1269 969 1455 1029 statuamus.

330 1080 521 1144 quamquam
544 1081 609 1125 non
625 1081 708 1143 nego
724 1061 801 1126 satis
823 1061 977 1126 audacem
1000 1078 1071 1125 csse
1092 1062 1190 1127 talem
1209 1061 1455 1144 explicationem

331 1178 477 1242 quaeque
509 1158 659 1223 similium
694 1160 912 1241 exemplorum
946 1155 1145 1221 firmamento
1176 1177 1307 1240 prorsus
1339 1166 1455 1222 careat.

331 1264 363 1321 et
385 1255 509 1321 accedit
536 1275 575 1320 ea
597 1275 723 1337 quoque
749 1254 935 1335 difficultas,
964 1253 1049 1336 qnod
1077 1254 1173 1336 falsa,
1205 1274 1288 1336 quae
1316 1262 1456 1336 vocatur,

330 1353 482 1436 analogia
503 1353 537 1417 in
559 1352 610 1415 his
625 1352 734 1416 formis
749 1352 889 1418 valuisse
911 1351 1056 1435 putanda
1077 1360 1126 1417 est
1147 1360 1279 1436 propter
1293 1354 1456 1418 Aeolicum

330 1456 458 1533 relano.
490 1450 620 1514 namin
643 1450 743 1514 titulis
766 1450 879 1534 Atticis
902 1449 1003 1514 solum
1025 1448 1235 1513 indicativum
1257 1450 1374 1533 reperi.

417 1547 555 1631 plurima
581 1547 731 1630 exempla
754 1570 785 1611 εε
807 1546 965 1611 vocalium
988 1546 1022 1609 in
1046 1569 1075 1610 ει
1097 1546 1311 1613 adulterinam
1334 1555 1456 1612 coutra-

331 1653 450 1709 ctarum
475 1643 609 1725 praebet
631 1643 859 1708 declinatio
883 1650 922 1708 et
949 1645 1150 1709 nominum
1173 1652 1212 1710 et
1232 1646 1455 1723 verborum,

331 1762 350 1807 e
372 1761 435 1823 qua
458 1740 536 1805 satis
559 1746 607 1805 est
629 1760 732 1823 pauca
753 1742 903 1823 exempla
922 1740 1052 1807 afferre:
1076 1740 1201 1819 πόλεις,
1224 1746 1315 1823 τρεῖς
1333 1747 1397 1823 (40,
1421 1755 1455 1806 rr.

333 1842 382 1919 79,
405 1851 428 1902 a
462 1840 531 1917 138,
556 1850 593 1901 re.
622 1840 691 1917 146,
716 1851 753 1901 15.
786 1843 855 1916 155,
878 1852 902 1901 5.
934 1841 1064 1920 179,11.
1094 1842 1194 1921 322ο,
1215 1853 1255 1903 uo.
1285 1843 1384 1920 324ο,
1409 1851 1455 1919 ιο),

305 1943 453 2012 ποιεῖν,
477 1933 552 2008 ἔδει,
579 1953 723 2015 quaeque
738 1943 813 2000 sunt
828 1936 954 2000 similia.
986 1936 1047 2000 huc
1063 1937 1265 2002 referendum
1288 1945 1337 2003 est
1361 1937 1455 2001 etiam

332 2037 479 2099 casaur
503 2034 602 2112 (31A,
628 2038 666 2106 ts)
695 2031 872 2097 infinitivus
895 2033 1021 2111 coristi,
1048 2034 1081 2097 in
1104 2053 1166 2115 quo
1189 2058 1218 2099 ει
1240 2035 1457 2099 contractione

332 2152 371 2197 ex
389 2154 419 2196 οε
435 2137 535 2195 ortam
553 2148 623 2194 esse
640 2128 733 2193 docet
748 2128 865 2212 Cypria
882 2129 985 2194 forma
1007 2126 1140 2195 δονέναι
1163 2132 1265 2208 (Stud.
1280 2132 1354 2212 Vll,
1372 2134 1454 2211 2481,

331 2249 371 2294 ex
394 2248 457 2311 qua
479 2233 614 2310 apparet
628 2226 661 2290 in
677 2227 728 2291 his
742 2225 908 2292 infinitivis
931 2226 1055 2303 δοῦναι,
1078 2231 1191 2293 θεῖναι
1206 2235 1265 2295 etc.
1289 2249 1356 2294 non
1376 2251 1453 2303 -ναι,

331 2324 389 2391 sed
411 2347 500 2389 -ενοι
522 2324 780 2391 terminationem
803 2332 989 2408 usurpatam
1011 2344 1092 2391 esse.

416 2425 445 2486 2.
476 2423 556 2485 lam
576 2425 741 2486 transeo
759 2422 806 2487 ad
831 2444 875 2485 ου
899 2421 1214 2506 diphthongum,
1237 2423 1327 2489 cuius
1343 2429 1455 2489 natura

330 2519 495 2601 aliquanto
517 2518 692 2601 simplicior
714 2524 771 2584 est.
1059 2521 1062 2530 '

416 2636 444 2679 a.
490 2636 533 2677 ov
556 2616 666 2680 iacta
689 2624 749 2681 est
771 2637 815 2682 ex
840 2624 957 2694 ο-Ι-ο,
981 2616 1183 2682 scribitur
1204 2638 1277 2701 per
1299 2616 1381 2683 ΟΥ.

418 2704 768 2777 ἀκολουθούντων
791 2715 877 2793 atri,
901 2726 940 2777 30.
985 2714 1023 2779 cf.
1046 2712 1213 2789 κέλευθος.

416 2810 513 2891 βοῦν
537 2811 625 2890 314,
650 2824 686 2872 11.
717 2814 885 2893 Βοοθειῆς
904 2812 1043 2894 saepius,
1068 2831 1095 2876 c.
1117 2831 1147 2893 g.
1170 2814 1242 2892 226,
1267 2823 1305 2875 ts.
1337 2814 1410 2891 232,
1432 2822 1452 2874 s.

332 2910 410 2987 233,
442 2906 493 2969 ub.
531 2905 703 2990 Βουτάδης
729 2911 804 2988 188,
830 2920 867 2972 ιο.
896 2921 937 2974 13.
964 2921 1003 2973 ao.
1032 2920 1070 2974 aa
1097 2943 1139 2954 —
1168 2912 1275 2972 Βοοκ-
1306 2911 1451 2989 42ο,1ο.

418 3001 584 3067 δούλιον
613 3008 690 3088 333,
718 3017 742 3069 2.
786 3007 813 3070 si
847 3012 932 3071 recte
964 3005 1080 3080 δοῦλος
1112 3027 1170 3090 per
1201 3003 1370 3081 *δόσυλος
1403 3025 1453 3070 ex·

330 3102 476 3184 plicatur,
508 3108 542 3166 ut
563 3101 598 3167 fit
619 3124 639 3168 a
661 3104 825 3167 nonnullis
856 3109 898 3174 tv.
922 3102 1035 3167 Grdz.³
1056 3105 1215 3185 220l,·ov
1238 3103 1270 3166 in
1292 3104 1356 3169 hac
1378 3121 1452 3168 voce

330 3200 502 3281 genuinam
526 3219 597 3265 csse
620 3205 719 3282 patet.

416 3290 476 3373 οὗ,
502 3290 586 3373 οὐκ,
611 3298 700 3362 cuius
723 3317 825 3378 pauca
847 3298 998 3379 exempla
1018 3297 1133 3363 afferre
1154 3296 1232 3361 satis
1254 3303 1318 3362 est:
1351 3300 1399 3378 13,
1417 3307 1451 3377 ta,

332 3391 427 3458 οὔτε
458 3397 513 3472 13,
547 3405 589 3475 13;
625 3400 754 3459 exstant
781 3394 1030 3459 innumerabilia
1057 3395 1133 3459 ulia.
1188 3393 1270 3458 hacc
1297 3394 1453 3477 particula

331 3490 358 3554 si
381 3509 450 3553 cum
474 3490 637 3554 Sanscrita
665 3492 764 3573 stirpe
787 3513 845 3553 οοο
867 3498 1005 3573 cognata
1033 3510 1104 3556 esse
1131 3497 1218 3556 recte
1246 3496 1386 3573 putatur,
1415 3512 1451 3552 ον

332 3604 372 3649 ex
396 3606 436 3648 ον
455 3584 574 3649 'iactam
598 3606 668 3651 esse
690 3595 939 3653 consentancum
963 3594 1020 3652 est.

417 3669 535 3756 οὗτος
558 3686 596 3746 37
607 3704 635 3764 a,
658 3695 682 3747 6.
719 3683 844 3748 τούτων
868 3691 927 3749 ο1ο.
954 3687 1022 3762 121,
1045 3696 1070 3765 6,
1099 3684 1191 3749 alias.
1231 3684 1348 3767 ingens
1370 3684 1450 3750 enim

332 3786 380 3843 est
401 3784 568 3861 praeterea
590 3782 809 3864 exemplorum
830 3801 990 3847 numerus.
1035 3805 1053 3843 v
1076 3780 1237 3861 vocalem,
1269 3801 1354 3863 quae
1375 3781 1451 3846 anti·

332 3877 436 3957 quitus
458 3875 491 3939 in
514 3876 613 3958 stirpe
635 3878 728 3943 huius
749 3880 946 3962 pronominis
969 3879 1036 3960 fuit,
1059 3878 1181 3943 habent
1197 3878 1295 3944 etiam
1318 3874 1399 3963 αὕτη
1422 3885 1452 3943 et

332 3966 430 4048 οὗτός
451 3972 572 4038 formae
595 3974 707 4040 similis
731 3976 861 4057 originis
883 3984 980 4057 atque
1003 3963 1107 4051 οὗτος.

421 4063 627 4135 Οὐλιᾶται
650 4074 722 4153 231,
744 4086 758 4133 1
780 4072 867 4138 idem
889 4092 960 4138 esse
981 4071 1132 4137 videntur
1152 4078 1249 4153 atque
1270 4065 1448 4146 Αὖλιᾶται,

330 4166 376 4231 ita
398 4175 432 4231 nt
455 4190 492 4231 ον
515 4169 548 4231 iu
570 4168 631 4231 hoc
653 4170 783 4234 nomine
805 4171 946 4251 genuina
967 4169 1113 4251 putanda
1133 4170 1183 4235 sit.

416 4254 629 4339 Σπουδίας
654 4267 722 4343 188,
750 4278 785 4329 19.
803 4270 874 4347 446,
890 4278 914 4331 9.
944 4265 1134 4349 §noverca
1155 4270 1227 4333 467.
1250 4267 1289 4331 cf.
1307 4265 1447 4332 σπεύδω.
