3575 5334
483 686 516 740 de
533 688 686 745 nominibus
703 689 862 745 suffixorum
880 698 936 745 cnt-
954 695 981 746 et
998 693 1082 746 mino-
1099 708 1151 761 ope
1168 692 1298 747 formatis.
1389 690 1451 752 397

330 880 397 925 non
418 860 512 925 aliter
534 862 728 943 explicanda
750 870 813 945 est,
843 884 939 945 quam
964 864 1127 930 nominum
1155 865 1365 929 illuminaret
1384 865 1453 951 fla-

331 964 429 1034 manu,
460 962 501 1027 de
529 960 643 1041 quibus
671 960 709 1025 oi.
733 981 830 1043 supra
857 983 888 1043 p.
914 965 974 1027 380
996 966 1123 1038 ann.3⁴)
1151 963 1172 1026 i.
1199 982 1225 1028 e.
1256 961 1454 1044 *ipnominus

331 1059 539 1142 compositum
563 1065 611 1124 est
634 1078 674 1123 ex
696 1060 742 1120 in·
757 1060 906 1141 negativo
930 1061 1139 1127 ettsubstant·
1163 1064 1317 1142 (ptnamcn
1340 1058 1454 1124 suffixo

324 1175 416 1221 ¹-men
438 1156 555 1239 efficto,
580 1157 694 1240 quibus
717 1157 900 1240 compositis
922 1157 1116 1240 adjectivum
1138 1159 1184 1221 ita
1206 1164 1308 1221 ortum
1332 1166 1395 1241 est,
1420 1169 1456 1223 ut

331 1255 453 1321 vocalis
482 1276 500 1317 ο
528 1254 737 1338 adjiceretur:
774 1256 882 1337 itaque
914 1262 952 1320 st.
987 1254 1182 1338 *ipnomina
1214 1275 1248 1320 re
1279 1276 1356 1323 vera
1388 1278 1452 1322 non

331 1353 445 1420 suffixo
468 1355 576 1427 mina,
599 1353 656 1418 sed
678 1352 791 1419 suffixo
810 1374 894 1416 men-
908 1354 1008 1431 (min-t
1032 1353 1136 1419 vocali
1160 1374 1177 1416 o
1200 1362 1293 1419 aucto
1316 1354 1455 1421 formata

332 1458 389 1517 est.
434 1452 522 1516 Idem
557 1453 645 1516 valet
673 1471 738 1516 non
771 1452 872 1515 solum
903 1451 943 1517 de
971 1453 1194 1518 substantivis:
1232 1454 1452 1515 enterminium

332 1553 490 1628 (iernen),
527 1547 770 1631 interfeminium
807 1548 957 1630 (semen),
986 1552 1211 1633 postliminium
1247 1550 1379 1628 (limen),
1414 1551 1453 1616 of.

332 1648 430 1713 etiam
451 1648 612 1709 serninium
635 1648 777 1723 (semen),
807 1647 865 1713 sed
888 1648 983 1713 otiam
1007 1649 1048 1714 do
1070 1649 1279 1715 substantivis
1301 1650 1387 1714 haud
1409 1649 1455 1714 ita

331 1747 412 1811 raris
435 1746 467 1809 in
490 1746 640 1807 monium
662 1752 695 1809 et
709 1746 838 1819 monia,
861 1766 944 1828 quae
966 1746 1111 1812 derivata
1133 1754 1207 1812 sunt
1228 1768 1249 1812 a
1271 1746 1457 1813 nominibus

332 1842 444 1908 suffixo
467 1850 552 1905 -mtn
574 1842 734 1925 formatis;
757 1863 888 1925 quorum
912 1864 1015 1927 pauca
1037 1851 1160 1909 tantum
1185 1864 1225 1911 ex
1247 1846 1368 1911 verbis:
1396 1847 1454 1908 ali·

332 1943 467 2003 munium
491 1941 582 2018 (alo),
603 1940 834 2023 paudimonium
861 1941 1022 2025 Quadra),
1055 1944 1280 2026 querimoniam
1302 1940 1453 2027 (queror),

332 2039 468 2124 plurima
491 2058 532 2104 ex
553 2038 735 2103 nominibus
756 2046 945 2104 nascuntur:
972 2039 1239 2102 mendicimonium
1263 2041 1453 2118 (mendica),

332 2138 574 2199 miserimonium
596 2138 760 2213 (misero-i,
787 2136 1042 2200 rnoeclaimonium
1065 2137 1237 2215 (moecha),
1261 2139 1453 2220 aeprimonia

332 2238 480 2317 (repra),
507 2233 697 2317 fulcimania
726 2234 867 2316 (salsa),
894 2236 1100 2297 sartatimoniu
1121 2235 1278 2316 (sonata),
1302 2236 1454 2297 caerimo-

332 2334 424 2404 nium,
449 2333 639 2395 caerimonia
662 2337 763 2403 (eero-
785 2332 874 2396 Paul.
899 2353 930 2414 p.
956 2336 1026 2413 122,
1050 2336 1090 2413 5),
1114 2333 1336 2405 castimoniam,
1360 2334 1454 2394 casti-

332 2431 437 2493 monia
470 2432 596 2509 (casto),
630 2430 859 2492 matrimonium
894 2434 1036 2508 (mater),
1073 2430 1305 2492 mercimonium
1337 2436 1452 2505 (mern,

332 2529 465 2605 merei),
484 2528 707 2611 patrimonium
732 2531 863 2610 (pater),
887 2528 1093 2589 testimonium
1110 2528 1229 2606 (testi),
1246 2526 1452 2590 uadimonium

333 2630 407 2703 (ons,
430 2625 526 2702 uad-)‚
549 2626 777 2697 tristimoniam,
800 2625 991 2688 tristimonio
1013 2626 1146 2704 (tristi).

417 2723 490 2787 Non
513 2724 592 2788 satis
616 2722 757 2787 dilucida
779 2730 827 2787 est
854 2722 1002 2787 formatio
1029 2723 1220 2788 substantivi
1242 2723 1453 2806 parsimonia;

330 2820 462 2902 originis
485 2820 639 2886 obscurae
660 2827 734 2886 sunt
755 2819 886 2885 nomina
911 2822 1093 2903 plantarum
1116 2820 1331 2902 quarundam:
1360 2819 1455 2881 ntale-

329 2918 480 2992 monium,
515 2919 706 3001 aprimonia,
745 2919 925 3001 arpemonin
955 2919 1162 3001 (arpimoniu).
1201 2954 1242 2964 —
1279 2917 1326 2982 Of.
1357 2917 1452 2982 etiam

329 3034 426 3080 maso.
450 3013 585 3089 semma,
608 3016 681 3081 fem.
704 3013 858 3081 Sarnoniu.

417 3112 482 3177 Sed
503 3116 584 3179 haec
607 3114 776 3179 hactenus!

416 3210 454 3273 in
483 3211 564 3277 haec
594 3218 625 3278 et
653 3213 710 3277 illa
739 3210 851 3277 suffixo
881 3234 964 3275 -men
987 3218 1095 3289 imon)
1125 3214 1294 3296 subjuncta
1322 3212 1456 3277 nomina

329 3307 517 3390 propediem
540 3309 722 3392 inquirendi
744 3310 927 3375 facultatem
954 3310 1032 3375 mihi
1054 3310 1191 3376 futuram
1214 3331 1285 3378 esse
1307 3331 1409 3393 spero.
