3575 5334
343 662 406 724 142
835 662 975 719 Merzdori
1077 676 1079 683 ·

341 838 485 904 codicum
513 836 667 902 memoria
687 836 826 921 λεοντῆν
848 835 1000 902 traditum
1023 836 1165 902 Steinius
1186 836 1344 923 λεοντέην
1370 838 1467 905 luisse

342 956 401 1002 suo
418 936 492 1018 jure
514 934 685 1000 exIstimat.
729 933 794 1000 Sed
817 954 871 999 our
895 954 958 999 non
980 934 1064 999 item·
1079 940 1190 999 contra
1212 932 1341 1001 codices
1362 958 1465 1019 poya-

341 1032 444 1110 λέαςλ
471 1068 513 1078 -
542 1034 654 1114 Itaque
676 1030 746 1096 sine
769 1030 867 1096 dubio
888 1038 952 1096 aut
976 1031 1145 1114 μνγαλέας
1174 1030 1396 1114 reponendum
1419 1041 1465 1100 est

340 1137 396 1197 aut
418 1149 459 1196 ne
480 1130 539 1195 toti
561 1150 582 1193 a
604 1127 765 1194 codicibus
790 1129 994 1210 recedamus,
1019 1126 1169 1213 μυγαλάς
1191 1148 1210 1193 e
1238 1126 1306 1193 θα
1325 1130 1465 1213 recipere

339 1248 523 1313 possumus,
552 1225 587 1291 id
610 1226 695 1310 quod
718 1246 783 1291 non
805 1246 935 1310 prorsus
957 1226 1201 1309 abnegaverim,
1230 1233 1265 1290 ut
1285 1226 1465 1311 bypbaere·

339 1328 399 1394 sim
432 1326 486 1391 bic
515 1325 634 1390 factam
667 1342 739 1389 esse
771 1329 960 1390 statuamus·
1005 1325 1088 1389 Nam
1121 1323 1294 1389 dialectum
1327 1325 1463 1391 ionicam

338 1425 424 1490 banc
444 1444 509 1488 non
532 1440 684 1505 respuere
706 1420 882 1486 Fritschius
903 1421 936 1486 in
960 1421 1050 1487 Stud.
1073 1422 1137 1488 vol.
1159 1422 1205 1487 VI
1227 1420 1385 1504 ostendit,
1413 1443 1468 1490 ne.

339 1540 402 1605 que
428 1522 463 1586 in
492 1540 530 1586 eo
563 1518 727 1585 offendere
756 1518 926 1601 debemus,
960 1519 1045 1602 quod
1077 1520 1110 1583 in
1143 1520 1313 1603 μυγαλέας
1345 1522 1464 1589 vocalis

338 1625 473 1685 accentu
503 1619 659 1683 instructa
690 1614 820 1681 eliditur
852 1617 903 1695 (cl.
937 1616 1024 1682 Gurt.
1056 1616 1149 1683 Stud.
1183 1617 1228 1681 VI
1258 1619 1344 1690 226).
1401 1619 1463 1685 Sed

339 1714 493 1800 quidquid
522 1714 584 1780 bac
606 1714 647 1779 de
669 1733 704 1779 re
726 1713 948 1796 statuerimus,
978 1714 1128 1798 μυγαλᾶς
1149 1715 1239 1780 nullo
1261 1714 1358 1780 modo
1380 1723 1464 1783 stare

339 1820 455 1897 potest.

422 1910 539 1975 Tribus
559 1914 667 1975 autem
689 1910 722 1974 in
745 1910 852 1975 verbis
873 1930 932 1992 pro
955 1932 994 1974 εα
1017 1907 1036 1995 ἡ
1059 1908 1243 1989 usuvenit,
1266 1929 1305 1975 ac
1327 1912 1462 1995 primum

267 2005 270 2013 ’
338 2008 465 2092 quidem
482 2007 581 2072 affero
596 2006 748 2073 aoristum
764 2014 796 2073 et
811 2008 986 2091 perlectum
1002 2006 1090 2071 vocis
1104 2002 1296 2087 ἁλίσκωμαι,
1313 2029 1398 2092 quae
1412 2011 1463 2077 de·

337 2108 426 2173 ciens
441 2106 583 2192 septiens
595 2106 636 2170 ab
649 2129 669 2190 η
681 2110 731 2170 ter
745 2105 786 2170 ab
798 2129 837 2169 εα
853 2105 1024 2187 incipiunt:
1040 2100 1109 2189 ἥλω
1125 2104 1192 2168 178
1208 2104 1311 2169 11115
1328 2107 1463 2173 v11119

337 2206 410 2281 (bis)
428 2204 505 2268 VIII
521 2206 572 2267 92.
588 2206 640 2269 93.
659 2205 718 2268 138
734 2203 783 2269 IX
797 2206 847 2282 37,
872 2199 1006 2288 ἥλωσαν
1028 2202 1100 2267 183
1116 2202 1144 2265 V
1160 2205 1200 2266 65
1223 2202 1286 2267 v11
1304 2207 1375 2269 137.
1394 2209 1462 2288 175,

338 2299 465 2391 ἡλώκοι
488 2303 503 2366 Ι
526 2304 577 2381 83,
601 2296 767 2387 ἡλωκέναι
788 2301 805 2365 Ι
828 2305 878 2381 70,
906 2294 1052 2384 ἡλωκότι
1073 2299 1089 2363 Ι
1112 2301 1162 2380 78,
1187 2294 1362 2383 ἡλώκεσαν
1385 2302 1402 2366 Ι
1425 2306 1462 2367 84

337 2402 417 2466 VIII
433 2404 484 2479 61,
507 2405 619 2463 contra
640 2395 767 2464 ἑάλωκε
792 2400 897 2477 Ι209,
921 2393 1118 2463 ἑαλωκότων
1140 2396 1157 2460 Ι
1177 2398 1246 2475 191,
1271 2395 1462 2476 ἑαλωκότας

337 2498 416 2564 ibid.
460 2496 551 2574 Quae
573 2515 643 2560 cum
666 2496 713 2559 ita
734 2494 799 2560 sint
821 2494 1016 2575 Bredovius,
1045 2494 1094 2560 cui
1123 2493 1276 2576 equidem
1293 2496 1461 2576 assentior,

335 2618 366 2680 p.
392 2597 453 2661 312
476 2611 604 2674 semper
622 2616 642 2677 η
659 2592 755 2656 scribi
777 2594 855 2657 vult.
892 2592 976 2657 Nam
998 2610 1069 2656 cum
1087 2590 1156 2673 jam
1179 2590 1267 2673 apud
1290 2591 1462 2659 Homerum

334 2689 403 2775 ἥλω
433 2693 577 2755 occurrat
605 2692 733 2767 1χ230)
768 2710 872 2773 neque
906 2696 983 2755 ante
1011 2688 1182 2772 scriptores
1210 2688 1325 2755 attIoos
1355 2688 1460 2756 ἑάλων

336 2788 513 2872 reperiatur
535 2784 633 2862 (Ourt.
658 2785 751 2851 Verb.
775 2809 806 2871 p.
828 2793 899 2863 115)
923 2784 1119 2853 Herodotum
1142 2786 1187 2851 sic
1208 2785 1376 2868 scripsisse
1400 2809 1460 2853 non

336 2886 441 2966 credo,
464 2883 607 2950 sediliis
629 2884 730 2949 tribus
751 2886 830 2951 loeis
852 2885 1001 2950 librarios
1014 2882 1058 2948 ad
1079 2883 1213 2948 formam
1228 2883 1343 2950 Atticis
1366 2887 1461 2952 usita-

334 2982 576 3065 tamdelapsos
599 3001 670 3048 esse
693 2982 849 3065 existimo,
872 3001 1066 3065 quamquam
1088 3001 1216 3063 prorsus
1237 2990 1357 3050 certum
1376 2986 1460 3069 judi·

335 3082 434 3163 cium,
468 3078 554 3163 quod
582 3079 664 3143 nulli
692 3080 863 3146 obnoxium
892 3082 936 3145 sit
963 3078 1077 3160 dubio,
1111 3085 1145 3143 ut
1173 3081 1303 3164 saepius
1330 3102 1374 3149 ne
1403 3084 1460 3149 hac

334 3179 463 3263 quidem
484 3179 518 3243 in
540 3174 665 3243 rederi
687 3196 782 3259 posse
805 3177 891 3243 haud
913 3178 1037 3260 ignoro.

418 3275 495 3342 Alia
515 3274 597 3340 ratio
619 3274 706 3339 vocis
729 3270 850 3360 ἥνδανε
875 3276 934 3353 (sle
956 3293 1083 3357 semper
1103 3275 1171 3341 fere
1187 3274 1344 3342 Homerus
1366 3276 1459 3354 dixit)

333 3380 399 3452 est,
433 3391 516 3455 quae
548 3371 594 3436 sie
627 3371 774 3436 scribitur
803 3372 950 3438 viltro
985 3371 1065 3437 VIII
1088 3374 1144 3451 29,
1178 3380 1291 3438 contra
1317 3369 1458 3440 ἑάνδανε

333 3469 382 3535 IX
416 3476 434 3533 5
472 3464 607 3540 (ἥνδανε
637 3471 677 3542 b).
718 3472 766 3532 19.
822 3469 1007 3535 Dindorlius
1043 3469 1196 3551 analogia
1231 3471 1341 3536 aoristi
1378 3469 1458 3538 ἕαδε

331 3567 432 3632 fretus
467 3557 607 3648 semper
624 3589 679 3647 εα,
714 3566 929 3633 Buttmannus
956 3588 1003 3649 gr.
1030 3586 1079 3648 gr.
1108 3567 1141 3631 II
1169 3587 1201 3649 p.
1227 3571 1286 3631 114
1321 3588 1460 3652 eumque

332 3671 460 3730 secutus
483 3661 661 3730 Bredovius
681 3684 713 3747 p.
736 3667 798 3729 314
820 3685 948 3748 semper
969 3689 988 3749 η
1011 3666 1133 3730 volunt.
1171 3664 1237 3731 Sed
1259 3662 1349 3747 ἕαδε,
1371 3666 1460 3748 quod

331 3762 426 3826 aliter
452 3759 582 3825 formari
610 3761 665 3826 vix
693 3763 811 3844 potuit,
840 3762 904 3827 bue
932 3781 996 3827 non
1025 3762 1180 3845 pertinet,
1215 3781 1320 3844 neque
1347 3769 1458 3831 tamen

331 3878 403 3923 cum
426 3856 584 3923 Bredovio
612 3877 741 3941 prorsus
769 3859 950 3928 consentire
974 3879 1120 3943 possum;
1149 3879 1342 3942 quamquam
1362 3862 1458 3926 enim

331 3954 469 4039 quodam
488 3954 562 4037 jure
584 3957 737 4039 analogia
758 3957 911 4040 poscitur,
933 3963 1042 4023 tamen
1060 3976 1165 4039 neque
1179 3956 1275 4024 video
1297 3959 1458 4040 quomodo

249 4092 250 4096 =
329 4051 453 4119 librarii
482 4049 645 4118 ἑάνδανον
668 4054 782 4120 Atticis
802 4055 990 4120 inusitatum
1011 4053 1158 4137 scriptori
1179 4053 1338 4138 imputare
1366 4062 1459 4139 potu·

330 4148 414 4215 erint
435 4155 523 4220 (nam
544 4170 587 4216 ne
607 4150 706 4215 nimio
727 4150 856 4234 quidem
875 4151 1008 4217 Ionismi
1029 4151 1136 4217 studi0
1158 4152 1219 4217 hoo
1240 4152 1356 4219 fecisse
1376 4153 1460 4220 reri·

330 4245 436 4313 simile
457 4252 517 4320 est)
547 4266 652 4330 neque
674 4247 756 4313 adeo
779 4249 889 4331 mirer,
919 4249 1020 4332 quod,
1048 4255 1084 4313 ut
1099 4256 1263 4315 ‚nostrates
1285 4251 1463 4335 scriptores·
