3575 5334
339 695 376 754 10
853 695 953 750 Clemm
978 700 982 707 '

335 889 394 951 quc
405 868 523 950 suerit,
548 869 581 929 ui
602 868 807 929 testimouium
819 865 975 947 satiatur,
1004 867 1163 951 improbus
1184 868 1459 930 intestabilis·-

335 986 406 1049 que
427 975 475 1027 est
495 974 527 1030 et
548 966 621 1030 aliis
644 965 722 1030 locis
744 984 764 1028 a
787 964 959 1046 Dirkseno,
982 984 1068 1029 man.
1091 986 1122 1046 p.
1142 968 1201 1028 497
1226 966 1364 1030 collatis.
1409 967 1458 1029 Ex

334 1065 395 1127 hac
418 1062 547 1128 notione
570 1061 781 1146 explicandus
804 1068 852 1126 est
874 1081 949 1126 usus
964 1061 1132 1128 Plautinus
1147 1070 1179 1127 θῖ
1196 1082 1236 1128 ea
1258 1063 1456 1146 significatio,

333 1178 416 1242 quac
441 1159 530 1243 apud
560 1167 684 1225 ceteros
710 1160 882 1243 scriptores
915 1159 1043 1242 saepius
1072 1160 1246 1224 invenitur:
1284 1161 1456 1243 improbus,

333 1256 482 1338 nefarius,
505 1258 669 1323 scelestus.
700 1257 774 1322 Alia
789 1257 850 1339 ipsi
867 1255 1073 1335 Doederlino‚
1098 1255 1138 1321 de
1152 1257 1252 1339 alpha
1266 1258 1322 1322 int.
1339 1263 1379 1322 23
1403 1257 1457 1321 ad·

333 1354 462 1419 modum
487 1354 584 1418 dubia
606 1354 677 1419 visa
691 1362 774 1419 sunt.
806 1354 859 1419 Sic
873 1352 960 1437 apud
977 1352 1072 1435 Verg.
1088 1355 1168 1419 Aen.
1185 1354 1228 1418 VI
1249 1360 1306 1417 114
1323 1374 1341 1420 θ
1357 1375 1457 1436 prava

331 1452 594 1534 interpretatione
613 1458 691 1515 nata
706 1458 755 1516 est
770 1451 887 1531 opinio,
904 1451 1057 1512 invalidus
1074 1450 1269 1532 adjectivum
1286 1471 1356 1517 esse
1370 1451 1456 1515 idem

334 1550 419 1631 quod
435 1548 629 1632 pervalidus.
668 1548 737 1613 Nec
754 1549 894 1629 prolecto
910 1567 968 1612 sua
984 1546 1215 1629 significatione
1238 1550 1298 1613 hoo
1320 1550 1457 1614 voeabu-

335 1648 398 1711 lum
415 1665 524 1711 carere
546 1646 699 1727 probatur
714 1644 819 1709 dubiis
842 1645 920 1711 locis
936 1665 988 1727 ap.
1005 1645 1096 1709 Lucr.
1114 1647 1205 1709 1971
1223 1647 1366 1708 riruotidis
1381 1648 1456 1707 oria?-

296 1749 301 1759 '
333 1741 388 1804 bus
411 1743 532 1821 (putidis
554 1742 698 1817 Lachm.)
722 1750 754 1807 θῖ
775 1762 826 1824 ap.
850 1741 1029 1805 Sil.ltal.1
1052 1746 1114 1805 552
1137 1744 1302 1805 invalidam
1325 1744 1455 1821 hostum,

334 1839 388 1904 ubi
399 1840 468 1922 jam
485 1840 650 1905 Ernestius
673 1839 806 1901 validum
826 1838 963 1920 scripsit.
993 1839 1090 1921 Apud
1106 1840 1231 1904 Livium
1248 1841 1331 1905 XXl
1347 1844 1398 1920 25,
1419 1846 1453 1903 11

333 1957 418 2001 nunc
440 1944 524 2003 recte
548 1937 678 2019 legitur:
712 1937 783 1998 dum
809 1957 869 2019 per
888 1942 1031 2019 patentia
1054 1938 1123 1999 locu
1145 1938 1314 1999 ducebatur
1337 1959 1455 2019 cprrreu,

333 2035 489 2116 neglectis
510 2034 562 2099 vel
578 2035 677 2099 variis
698 2034 888 2099 lectionibus
910 2034 1099 2117 imperterriti,
1123 2036 1332 2117 irupcctentio,
1357 2036 1455 2118 impo-

333 2134 450 2211 ticutio,
474 2134 525 2197 vel
542 2132 707 2198 inutilibus
725 2132 927 2213 conjecturis.
971 2132 1129 2214 Impoteus
1151 2139 1200 2196 est
1215 2152 1455 2215 nonnumquam

332 2230 380 2295 sui
402 2251 467 2295 non
490 2236 604 2313 potens
624 2228 762 2311 ideoque
785 2249 862 2295 suae
884 2230 1093 2307 auctoritatis,
1117 2250 1177 2293 sua
1198 2230 1297 2311 ipsius
1321 2231 1455 2294 auctori-

331 2335 397 2394 tate
412 2328 526 2407 frctus,
549 2329 581 2389 iu
603 2328 788 2409 negativum
805 2335 872 2406 θεῖ,
891 2346 956 2390 non
979 2327 1181 2391 intensivum.
1219 2326 1312 2404 Quod
1334 2328 1455 2391 nullam

331 2426 391 2491 sibi
415 2424 647 2489 dubitationem
664 2424 801 2506 relinqui
819 2423 1034 2488 Doederlinus
1056 2421 1219 2505 profitetur
1235 2422 1275 2487 de
1293 2423 1455 2504 adjectivo

331 2521 490 2606 improbus
512 2523 544 2585 in
568 2520 752 2602 Vergiliano
776 2520 905 2602 (Georg.
928 2520 1034 2596 1145)
1058 2520 1148 2583 tabor
1170 2523 1273 2582 auritio
1295 2522 1368 2582 uicit
1397 2523 1455 2581 im-

329 2619 447 2703 probus
469 2618 521 2683 vel
545 2618 585 2683 de
600 2620 735 2701 ¹inermus
757 2616 843 2700 apud
867 2618 971 2699 ipsum
989 2617 1111 2682 Colum.
1129 2618 1241 2681 v1112
1265 2619 1318 2681 vel
1335 2617 1376 2681 de
1398 2620 1455 2679 iur-

331 2718 430 2779 ruuuir
451 2716 503 2779 vel
526 2715 567 2779 de
589 2716 710 2796 inpetus,
729 2714 800 2797 jam
823 2714 977 2796 vidimus,
1001 2733 1095 2796 quam
1119 2735 1184 2779 non
1206 2722 1292 2779 recte
1314 2715 1455 2777 εὐπειθεῖς

331 2814 482 2879 attulerit.
525 2811 692 2894 'improbus
714 2812 747 2876 in
777 2812 946 2894 proverbio
968 2812 1025 2876 illo
1048 2818 1096 2876 θεῖ
1126 2812 1329 2896 „pervicax“,
1360 2833 1455 2887 „oon-

332 2901 419 2976 stans
428 2914 450 2990 “,
463 2929 547 2991 quae
562 2909 751 2991 significatio
764 2928 781 2974 c
796 2909 988 2991 primigenia
1003 2930 1089 2985 „non
1105 2910 1243 2993 probns“
1256 2909 1301 2971 ita
1316 2916 1385 2972 orta
1395 2919 1453 2990 est,

331 3015 365 3072 ut
387 3008 447 3071 hoc
462 3006 657 3089 adjectivum
681 3008 817 3090 primum
833 3008 941 3071 omnia
956 3004 1122 3089 significet,
1146 3027 1229 3089 quae
1251 3005 1380 3070 modum
1399 3027 1454 3072 ex-

330 3105 456 3185 cedunt,
474 3103 654 3184 immodica,
670 3106 779 3184 nimia,
795 3105 925 3187 injusta,
941 3104 1078 3186 ideoque
1095 3103 1318 3187 improbanda,
1335 3104 1454 3170 deindo

330 3204 425 3267 etiam
449 3202 518 3267 sine
541 3202 790 3284 reprehensione
812 3203 853 3268 sit
874 3203 894 3265 i.
919 3220 949 3283 q.
971 3220 1055 3279 acer,
1085 3202 1267 3278 vehemens,
1291 3203 1452 3283 pervicax.

331 3299 490 3381 Exempla
521 3300 546 3365 si
577 3301 721 3382 quaeris,
756 3300 795 3365 cf.
825 3298 980 3365 Orellium
1008 3298 1050 3362 ad
1083 3293 1170 3362 Hor(
1189 3297 1239 3361 od.
1269 3299 1317 3362 lll
1347 3302 1376 3378 9,
1402 3304 1452 3380 22,

330 3396 537 3477 Forbigorum
560 3396 602 3460 ad
628 3396 720 3479 Verg.
740 3397 856 3479 Georg.
878 3397 894 3460 I
919 3398 979 3459 119
1002 3396 1093 3460 alios.
1139 3396 1273 3457 Irroouuo
1295 3416 1452 3477 nusquam

331 3513 462 3559 necesse
484 3500 533 3557 est
556 3492 642 3557 idem
666 3495 721 3574 sit,
755 3492 840 3575 quod
863 3511 1036 3575 percanus,
1066 3512 1107 3556 ne
1130 3492 1217 3575 apud
1240 3491 1452 3557 Columellam

330 3590 459 3673 quidem
489 3589 567 3653 VIII
591 3593 626 3653 2:
660 3590 903 3670 poltiucceorvtm
934 3588 1046 3670 pclrce
1078 3610 1122 3651 ear
1149 3590 1245 3651 rutilo
1274 3589 1451 3669 albicantes,

331 3708 410 3769 quoe
431 3687 513 3749 oelut
536 3686 549 3746 i
556 3706 706 3747 nocuae
728 3685 843 3748 bordae
866 3686 1046 3769 depetzdeut,
1070 3687 1126 3751 sed
1151 3688 1301 3751 hocloco
1325 3694 1356 3752 θῖ
1379 3690 1452 3753 aliis

330 3804 350 3847 a
372 3784 507 3865 simplici
530 3780 692 3863 adjectivo
716 3782 801 3846 haud
824 3783 870 3846 ita
892 3783 997 3849 differt
1018 3785 1106 3848 velut
1120 3805 1171 3867 ap.
1189 3784 1302 3848 Octull.
1321 3789 1371 3865 64,
1391 3793 1451 3850 340

330 3900 397 3941 oum
421 3881 523 3941 uiuere
545 3880 710 3940 iucuuos
731 3881 851 3941 soluerit
872 3901 889 3942 c
913 3882 1029 3941 vertice
1050 3883 1154 3942 crines
1181 3882 1231 3946 tcf.
1255 3882 1297 3945 ib.
1321 3884 1372 3960 95,
1398 3886 1452 3947 ubi

330 3977 486 4041 translate
501 3984 670 4059 usurpatur
684 3997 742 4059 pro
758 3979 929 4058 „antiquus
937 3982 962 4054 “l
978 3982 1010 4041 θῖ
1026 3997 1077 4058 ap.
1095 3977 1187 4059 Verg.
1197 3978 1371 4059 GeorgIll
1389 3984 1448 4045 311

330 4070 442 4134 barbas
465 4074 672 4156 incanaque
694 4084 795 4136 mento
821 4073 968 4158 Cinyphii
987 4074 1116 4136 tondeat
1136 4074 1232 4151 lrirvi,
1256 4075 1352 4140 immo
1374 4097 1451 4143 veto

331 4167 561 4234 deminutivum
590 4170 689 4234 habet
715 4171 913 4237 intellectum
943 4171 1030 4254 apud
1058 4170 1146 4236 Suet.
1171 4172 1263 4237 Dom.
1288 4176 1327 4235 211
1358 4185 1453 4256 eaput

331 4268 482 4328 uarietate
504 4268 613 4350 capilli
631 4266 814 4330 subrutilum
838 4278 869 4329 ut
890 4270 1077 4331 incanum.
