3575 5334
723 659 756 713 de
774 659 888 714 dialecto
908 660 1062 715 bercdctea.
1400 662 1460 721 177

329 850 393 913 qua
417 848 458 895 ex
479 829 686 913 proportione
700 835 735 894 ut
751 850 790 895 ex
813 838 880 896 tcta
902 831 1035 897 Ionismi
1054 833 1179 900 ratione
1193 842 1329 917 apparet
1343 834 1462 903 formas

329 927 453 993 solutas
480 926 575 992 unice
604 945 698 993 veras
727 948 808 1002 esse.
853 928 975 994 Contra
998 930 1079 995 haec
1102 932 1298 997 considerari
1322 923 1460 1016 oportet:

329 1037 428 1089 ποιοῖ
456 1025 489 1089 II
519 1028 578 1088 169
607 1024 735 1088 ΑΒΡΕ
768 1033 876 1099 (ποιεῖ
900 1026 992 1105 Coa),
1026 1040 1162 1110 ποιοῑμι
1191 1029 1220 1094 V
1245 1034 1304 1095 106
1333 1029 1464 1093 AB¹Cd

330 1127 499 1203 (ποιέοιμι
521 1123 609 1203 PR),
640 1135 773 1187 ποιοῖεν
797 1125 825 1188 V
850 1130 899 1205 75,
929 1136 1064 1190 ποιοῖτο
1089 1127 1151 1190 VII
1174 1130 1225 1207 48,
1251 1131 1368 1212 ποιοίη
1393 1129 1460 1193 sive

329 1230 430 1283 ποιοῖ
452 1220 496 1283 VI
520 1223 560 1285 35
590 1239 700 1286 omnes
728 1222 833 1302 libri,
849 1233 984 1285 ποιοῖτο
1008 1223 1085 1288 VIII
1107 1229 1147 1289 67
1172 1223 1271 1305 ABb,
1301 1224 1359 1290 sed
1381 1249 1461 1289 ποι-

330 1322 421 1384 έοιεν
445 1318 506 1381 Vll
526 1320 595 1382 103.
618 1321 680 1382 208
704 1318 784 1381 VIII
802 1322 843 1383 26
865 1320 916 1383 IX
935 1324 994 1384 104
1009 1321 1048 1385 ’11
1072 1322 1235 1404 omnibus,
1259 1320 1326 1385 illic
1346 1321 1460 1385 forma-

330 1436 398 1480 mm
430 1421 662 1480 contractarum
692 1416 856 1497 proportio
880 1421 980 1481 6:42
1003 1419 1023 1482 i.
1047 1438 1074 1483 e.
1101 1424 1186 1500 1:7,
1209 1418 1407 1482 hicdzli.
1431 1437 1458 1483 1.

331 1515 411 1577 3:2
434 1519 491 1578 est.
537 1512 614 1578 Sine
638 1512 734 1577 dubio
757 1532 798 1577 ex
827 1512 877 1578 his
900 1515 1045 1596 vestigiis
1067 1535 1177 1581 verum
1200 1515 1363 1580 enucleari
1392 1522 1461 1597 pct-

331 1620 393 1691 est,
424 1609 510 1692 quod
533 1610 707 1691 cumillis,
737 1629 819 1691 quae
842 1611 947 1675 adhuc
969 1613 1166 1694 invenimur,
1193 1613 1277 1677 bene
1299 1612 1458 1693 congruit:

332 1708 425 1773 lones
447 1714 578 1790 propter
599 1704 907 1772 nimiambocalium
925 1711 1183 1790 cumulationem,
1207 1730 1277 1775 cum
1294 1732 1346 1773 εοι
1367 1727 1460 1772 vcca-

332 1806 393 1871 lem
417 1806 569 1887 sequitur,
594 1828 645 1869 εοι
666 1806 701 1869 11
720 1828 753 1869 οι
776 1807 1020 1872 contrahebant.
1052 1808 1186 1881 (Eadem
1203 1806 1344 1891 Spreerii
1367 1811 1410 1888 (p.
1428 1808 1459 1881 3)

332 1903 491 1967 sententia
513 1908 588 1980 111.)
613 1939 653 1947 -
683 1904 732 1967 De
756 1897 833 1965 οἶκοι
856 1901 968 1981 οἰκώς,
992 1906 1106 1985 quibus
1128 1924 1256 1988 semper
1280 1924 1339 1988 pro
1363 1902 1460 1968 ἐὀικα

334 1996 452 2075 ἐοικώς
475 2000 656 2064 Herodotus
678 2000 788 2081 utitur,
812 2000 854 2064 ad
873 2001 1066 2065 Bredovium
1088 2022 1119 2083 p.
1139 2006 1199 2065 144
1222 2001 1253 2067 et
1268 2001 1459 2067 Fritsehium

333 2097 422 2161 Stud.
449 2098 493 2161 VI
516 2118 547 2179 p.
574 2101 631 2161 113
654 2098 781 2180 ablega.

816 2294 836 2370 ξ
860 2295 889 2355 9.
935 2306 975 2356 εϊ.

416 2428 552 2493 Vocales
576 2451 591 2491 ε
615 2434 647 2491 11
670 2452 682 2491 ι
704 2446 774 2491 cum
805 2447 934 2509 perraro
956 2427 1002 2492 ita
1031 2431 1226 2509 congruant,
1255 2430 1290 2489 ut
1320 2424 1396 2506 quid
1419 2444 1460 2491 ex

331 2524 468 2606 111111,
494 2525 631 2589 dubitari
654 2525 770 2607 possit,
793 2526 827 2588 iu
851 2524 989 2589 dialecto
1013 2523 1202 2602 herodotea,
1229 2530 1264 2587 ut
1285 2523 1366 2587 ratic
1385 2522 1459 2604 lert,

332 2644 395 2687 non
412 2622 659 2704 contrahuntur,
683 2623 828 2686 consulto
845 2622 1016 2686 dialectum
1035 2622 1243 2687 herodcteam
1260 2620 1336 2699 dixi,
1361 2640 1460 2701 quun·

330 2722 396 2785 iam
420 2741 438 2786 e
461 2719 562 2785 titulis
583 2718 714 2799 ionicis,
738 2719 863 2784 etiamsi
885 2719 1067 2802 conjunctio
1089 2720 1247 2784 vocalium
1269 2717 1303 2784 in
1326 2718 1373 2783 eis
1396 2738 1461 2783 cer-

331 2820 426 2899 nitur,
447 2810 518 2882 cum
535 2817 689 2882 diaeresis
706 2816 830 2899 signum
846 2837 912 2882 111
927 2818 1085 2897 noverint,
1108 2817 1198 2895 nibil,
1222 2818 1299 2882 certi
1315 2823 1461 2882 constare

330 2920 439 3000 potest
468 2915 608 2996 itemque
642 2921 809 2997 poetarum
839 2915 1013 2979 ionicorum
1042 2915 1153 2996 lingua
1182 2914 1312 2979 diversa
1340 2916 1461 2996 regitur

330 3015 415 3095 lege.
461 3014 578 3077 Eorum
608 3013 693 3078 euim
723 3010 879 3077 dialectus
908 3013 1007 3076 multo
1037 3012 1141 3076 minus
1163 3011 1295 3092 genuini
1317 3011 1459 3091 Ionismi,

330 3130 428 3192 quam
452 3110 581 3192 linguae
604 3109 785 3174 homericae
807 3109 990 3190 analogiam
1014 3110 1163 3190 sequitur,
1194 3113 1229 3171 ut
1253 3106 1348 3188 juxta
1371 3105 1462 3188 ἔγχεϊ

330 3213 453 3293 μακρῷ
469 3209 559 3291 Tyrt.
579 3212 627 3287 11,
651 3211 701 3290 29,
726 3207 917 3292 τροχοείόεῖ
930 3208 1028 3291 λίμνῃ
1048 3207 1192 3286 Theogn.
1209 3206 1238 3283 7,
1262 3201 1462 3288 φιλοκέρδεῑ

331 3311 435 3391 θυμῷ
468 3307 538 3386 199,
569 3306 662 3387 νηλέϊ
683 3311 785 3391 θυμῷ
817 3310 899 3369 1125
931 3304 1000 3384 pari
1025 3302 1099 3385 jure
1130 3301 1279 3386 ζητῶμεν
1305 3296 1338 3363 d'
1369 3298 1461 3364 ἕλκει

331 3402 393 3467 Th.
413 3406 505 3482 1134,
529 3400 658 3488 πλήθει
675 3408 735 3468 699
758 3404 791 3467 11
807 3404 911 3485 prima
926 3400 1006 3466 thesi
1024 3399 1117 3465 scribi
1141 3398 1243 3482 possit
1266 3397 1316 3470 (cl.
1332 3398 1461 3464 Benner

332 3498 425 3564 Stud.
447 3500 463 3563 l
489 3503 502 3560 1
529 3520 559 3581 p.
584 3502 668 3577 227).
713 3499 809 3581 Apud
832 3499 1029 3564 Herodotum
1052 3504 1168 3576 autem,
1191 3501 1226 3559 ut
1248 3494 1302 3576 qui
1324 3497 1461 3578 scriptur

332 3595 494 3680 pedestris
508 3596 613 3678 fuerit,
637 3616 763 3679 semper
777 3596 881 3661 forma
895 3597 1001 3661 soluta
1022 3595 1085 3675 legi
1105 3594 1210 3673 debet,
1235 3613 1318 3675 quae
1340 3601 1372 3659 et
1393 3598 1462 3659 uui·

333 3713 448 3758 versae
470 3692 601 3759 dialecti
623 3694 739 3758 rationi
762 3698 982 3759 consentanea
1004 3700 1036 3757 et
1058 3712 1078 3755 a
1105 3690 1320 3773 grammaticis
1344 3698 1462 3757 testata

335 3798 366 3856 et
388 3811 409 3855 a
432 3791 594 3872 plerisque
617 3790 779 3856 codicibus
808 3792 996 3873 plerumque
1018 3788 1137 3852 tradita
1159 3789 1210 3853 sit.
1254 3786 1462 3852 Grammatici

335 3895 450 3968 autem,
474 3888 588 3969 quibus
611 3908 666 3952 cur
688 3888 804 3958 bacin
827 3908 861 3953 re
876 3886 971 3951 fidem
993 3887 1195 3967 abrogemus,
1218 3886 1309 3949 nulla
1330 3885 1462 3968 reperiri
1581 3950 1583 3952 ,

338 3993 441 4066 potest
463 4005 569 4065 causa,
593 3986 673 4049 talia
694 3985 815 4050 habent
838 3985 947 4066 qualia
969 3984 1065 4065 Greg.
1082 3981 1152 4046 Cor.
1171 4002 1203 4063 p.
1220 3985 1298 4046 392:
1322 3983 1380 4046 καὶ
1401 3981 1462 4057 τὰς

340 4078 436 4159 ἄλλος
465 4080 616 4158 πτώσεις
644 4077 683 4146 οὐ
715 4087 945 4169 συνῃρημένας
968 4079 1051 4145 ἀλλὰ
1074 4077 1220 4153 ἐντελεῖς
1242 4076 1463 4162 ἐκφέρουσινε

342 4174 466 4261 εὖτυχέῑ
487 4178 702 4261 Πολυκράτεϊ
723 4184 958 4264 Δημοσθένεῖ,
988 4197 1070 4258 quae
1099 4177 1227 4256 regula,
1257 4182 1292 4237 ut
1314 4172 1464 4253 exempla

345 4274 467 4358 docent,
498 4267 563 4342 111
591 4279 694 4343 solum
723 4276 766 4342 ad
795 4284 922 4358 poetas,
953 4274 1011 4339 sed
1040 4273 1179 4336 maxime
1201 4269 1245 4335 ad
1266 4267 1462 4334 Herodotum

389 4377 499 4426 cursurus,
516 4377 610 4419 Studien
623 4375 681 4418 vm.
1227 4372 1258 4422 12
