3575 5334
419 731 480 791 404
934 730 1021 784 Gener

418 906 556 971 obstant.
590 904 727 986 primum
750 903 834 968 enim
859 902 982 967 Atticos
1003 902 1056 967 vel
1077 899 1296 967 vetustissima
1315 906 1424 965 aetate
1445 922 1465 984 q
1488 921 1540 983 pro

418 1026 440 1065 α
461 1004 560 1083 longa
587 1008 660 1083 post
681 1002 811 1066 vocales
839 999 1066 1084 pronuntiasse
1087 1018 1182 1063 nemo
1203 997 1310 1063 adhue
1331 998 1419 1081 aptis
1441 1017 1541 1063 exem·

417 1098 481 1183 plis
503 1097 701 1164 confirmavit
723 1103 765 1177 (v.
789 1118 887 1181 supra
908 1118 940 1181 p.
956 1100 1041 1178 249),
1063 1115 1169 1178 neque
1189 1115 1296 1178 unum,
1320 1096 1408 1178 qnod
1429 1096 1541 1161 Weck-

416 1200 534 1266 leinius
556 1199 708 1265 hocloco
731 1202 775 1279 tp.
798 1201 829 1271 7)
852 1195 960 1276 affert,
984 1194 1079 1259 ullius
1101 1192 1255 1258 momenti
1277 1199 1341 1274 est,
1364 1193 1392 1259 si
1416 1193 1541 1277 quidem

417 1298 461 1375 id,
484 1297 570 1380 quod
594 1294 827 1377 Aristophanes
847 1313 901 1358 av.
924 1295 986 1358 868
1009 1311 1067 1375 per
1088 1290 1263 1357 ludibrium
1285 1292 1404 1374 posuit,
1427 1283 1542 1371 Ὀλυμ-

418 1402 512 1471 ason
533 1395 587 1459 καὶ
606 1385 810 1474 Ὀλυμπίῃσι
825 1390 912 1453 πᾶσι
926 1390 982 1453 καὶ
997 1386 1154 1473 πάσῃσιν,
1178 1389 1222 1454 ad
1235 1389 1341 1472 ipsum
1363 1408 1541 1455 sermonem

417 1494 557 1559 Atticum
580 1509 782 1573 nequaquam
805 1487 953 1570 pertinet.
984 1486 1103 1552 deinde
1124 1505 1207 1569 quae
1229 1487 1318 1569 origo
1339 1486 1437 1553 luerit
1458 1506 1542 1550 -αισι

417 1589 653 1657 terminationis
682 1585 786 1651 subito
813 1584 1035 1665 irrumpentis,
1064 1584 1284 1651 Weckleinius
1305 1605 1372 1650 non
1396 1583 1542 1651 ostendit

417 1687 475 1753 sed
497 1706 569 1751 cum
591 1702 721 1749 caecum
743 1681 905 1764 quoddam
927 1680 1059 1763 linguae
1079 1681 1244 1747 arbitrium
1259 1683 1293 1746 in
1308 1682 1431 1747 talibus
1452 1682 1542 1747 rebus

418 1784 562 1849 valuisse
584 1779 671 1847 credi
693 1800 758 1844 non
780 1784 906 1863 posset,
938 1798 1036 1845 cansa
1058 1778 1244 1862 quaerenda
1265 1785 1349 1859 erat,
1379 1799 1437 1845 cur
1459 1800 1542 1842 -αισι

417 1880 549 1965 proprie
570 1879 677 1944 Attica
698 1877 881 1942 terminatio
902 1875 1024 1943 fuisset.
1069 1896 1151 1959 quae
1172 1896 1285 1959 causa,
1311 1897 1411 1960 quam
1433 1877 1542 1943 Weck-

417 1977 534 2043 leinius
556 1997 621 2041 non
644 1974 857 2056 desideravit,
882 1994 920 2039 eo
943 1973 1103 2040 difficilior
1123 1975 1257 2040 inventu
1272 1974 1349 2057 erit,
1372 1974 1542 2056 quodiam

418 2073 505 2159 apud
534 2074 707 2139 Homerum
740 2095 811 2148 -αις
845 2073 1028 2138 terminatio
1061 2092 1102 2138 ex
1134 2094 1224 2136 -αισι
1255 2078 1405 2155 correpta
1436 2070 1543 2155 paucis

419 2173 496 2237 loeis
525 2178 646 2238 exstat:
682 2174 726 2233 M
746 2173 809 2235 284
838 2162 968 2248 ἀκταῖς,
1003 2174 1103 2235 ε119
1132 2172 1246 2246 θεαῖς,
1278 2172 1382 2250 χ471
1408 2167 1541 2245 πάσαις,

418 2289 500 2352 quae
527 2268 649 2334 formae
677 2268 712 2332 in
741 2267 889 2333 omnibus
918 2268 1148 2334 recentioribus
1175 2265 1395 2351 grammaticis
1417 2268 1543 2350 linguae

418 2366 564 2433 Graecae
585 2365 858 2432 circumferuntur.
891 2366 956 2430 iam
978 2387 1055 2433 vero
1077 2368 1150 2449 ipsa
1169 2365 1228 2430 illa
1248 2364 1436 2429 terminatio
1458 2384 1542 2429 ·αισι

416 2465 450 2530 in
473 2470 552 2528 -ᾶσι
573 2464 689 2529 mutari
711 2482 776 2527 non
799 2463 918 2545 potuit3
942 2464 1091 2545 equidem
1107 2469 1193 2528 certe
1215 2462 1339 2527 nullum
1361 2464 1541 2546 exemplum

418 2566 504 2627 dex
527 2585 563 2625 αι
587 2568 663 2627 ante
690 2566 920 2625 consonantem
949 2560 1091 2643 aliquam
1121 2560 1227 2625 factae
1253 2560 1369 2636 novi2).
1417 2560 1541 2626 omnino

417 2665 543 2734 autem,
577 2678 660 2739 qnae
687 2658 910 2723 Weckleinius
940 2658 982 2723 de
1010 2658 1070 2723 bac
1097 2659 1273 2723 mutatione
1300 2659 1452 2741 protulit,
1481 2664 1541 2723 tam

417 2754 499 2821 mira
521 2761 610 2836 sunt,
641 2762 676 2820 ut
704 2774 743 2819 ea
772 2773 829 2836 per
855 2756 981 2838 lapsum
1004 2754 1166 2837 quendam
1188 2763 1244 2820 aut
1264 2756 1382 2821 calami
1405 2764 1464 2821 aut
1484 2776 1542 2821 me

417 2853 539 2917 moriae
562 2853 595 2917 in
617 2851 732 2915 libmm
749 2851 891 2934 alioquin
910 2854 976 2918 acri
997 2852 1115 2917 iudicio
1138 2852 1352 2936 conscriptum
1374 2854 1542 2937 irrepsisse

417 2949 598 3016 videantur.
647 2968 722 3012 nam
753 2948 866 3015 eadem
896 2957 1003 3016 aetate
1032 2956 1126 3032 „post
1153 2958 1384 3016 consonantem
1412 2974 1487 3036 -ῃσι
1515 2958 1543 3016 et

418 3046 533 3112 extrito
550 3071 562 3110 ι
577 3068 650 3129 -ησι
672 3046 871 3127 aliquamdiu
892 3048 1106 3113 remansisse“
1129 3054 1161 3112 el
1184 3054 1278 3131 „post
1291 3050 1441 3116 vocalem
1457 3070 1542 3113 -cros

418 3145 532 3209 extrito
556 3169 577 3225 ι,
603 3144 625 3207 i.
648 3162 676 3208 e.
699 3165 776 3207 -coc
797 3151 982 3227 usurpatum
1006 3149 1098 3210 esse“
1121 3164 1251 3229 prorsus
1270 3145 1466 3213 incredibile
1488 3154 1541 3213 est.

417 3242 566 3306 nimirum
589 3242 719 3307 volebat
741 3240 847 3306 dicere
868 3261 933 3305 non
956 3261 1074 3306 novam
1097 3242 1229 3307 formam
1244 3265 1335 3307 -αισι
1357 3252 1433 3327 post
1453 3265 1542 3310 voca·

416 3338 480 3401 lem
503 3340 537 3403 in
559 3360 633 3402 -ασι
655 3346 835 3421 correptam
858 3356 939 3416 esse,
963 3338 1021 3403 sed
1036 3361 1111 3423 -ῃσι
1125 3341 1166 3405 ab
1183 3340 1296 3408 Atticis
1318 3349 1393 3425 post
1415 3344 1542 3409 vocales

416 3434 450 3498 in
473 3456 549 3518 -qcor
570 3441 743 3517 mutatum,
768 3434 902 3515 deinde,
926 3436 1007 3501 sicul
1028 3458 1102 3519 pos
1123 3438 1157 3502 in
1180 3460 1262 3520 -ησι,
1289 3441 1394 3521 ipsum
1419 3459 1543 3523 quoque

416 3530 451 3595 in
472 3553 548 3594 -ασι
569 3539 748 3615 correptum
770 3550 851 3598 esse.
896 3533 981 3614 quod
1004 3554 1197 3617 quamquam
1218 3556 1261 3601 ne
1285 3537 1391 3621 ipsum
1415 3538 1541 3621 quidem

417 3635 503 3694 recte
530 3628 704 3694 iudicatum
734 3636 797 3709 est,
826 3637 935 3695 tamen
962 3632 1072 3697 sanius
1100 3652 1196 3715 quam
1224 3634 1362 3699 alterum
1391 3636 1475 3701 illud
1502 3643 1540 3714 et,

417 3724 502 3807 quod
524 3726 747 3808 gravissimum
777 3734 839 3808 est,
871 3729 1112 3795 accommodate
1139 3730 1182 3796 ad
1210 3731 1394 3799 universam
1418 3740 1540 3799 senten·

417 3822 494 3885 tiam
516 3822 719 3890 Weckleinii.
763 3844 837 3888 nam
866 3824 936 3906 ipse
965 3828 1062 3907 paulo
1083 3834 1157 3911 post
1184 3829 1305 3911 pergit:
1339 3830 1540 3906 „terminatio

486 4068 507 4132 2)
534 4086 550 4117 α
573 4066 694 4121 enimin
718 4085 777 4119 -ασι
799 4070 989 4127 terminatione
1011 4072 1092 4128 dativi
1112 4074 1221 4142 longam
1245 4074 1330 4129 fuisse
1356 4076 1401 4129 vix
1425 4081 1467 4131 est
1492 4092 1537 4131 cur

417 4162 627 4201 commemorem.
664 4147 737 4216 quod
760 4150 806 4217 qni
827 4168 881 4206 non
905 4152 997 4206 statim
1019 4167 1181 4222 persuasum
1207 4154 1301 4223 habet,
1330 4161 1473 4225 comparet
1493 4155 1537 4211 ad·

417 4226 510 4281 verbia
525 4226 554 4281 in
572 4244 632 4289 -ησι
653 4234 681 4283 et
701 4230 761 4280 -ᾶσι
779 4229 928 4285 desinentia
946 4237 973 4286 et
990 4247 1023 4287 ex
1039 4233 1162 4288 locativis
1185 4235 1255 4303 plur.
1281 4251 1354 4289 num.
1373 4240 1450 4304 orta,
1473 4251 1536 4308 quae

418 4305 533 4360 collecta
550 4312 613 4361 sunt
629 4323 653 4363 e.
671 4325 696 4377 g.
715 4309 789 4377 apud
806 4310 990 4379 Knehnerum,
1009 4313 1101 4375 „Aust
1119 4316 1266 4381 gramm.“²
1282 4314 1305 4381 1,
1321 4332 1349 4384 p.
1369 4321 1429 4372 728.
