3575 5334
478 711 512 765 de
530 710 684 766 nominibus
702 710 862 767 suffixorum
879 719 936 766 ent·
954 716 983 767 et
999 713 1085 767 mino·
1103 728 1155 783 ope
1171 712 1304 768 formetis.
1390 708 1452 769 373

327 883 413 948 enim
441 877 695 947 inchoativorum
723 883 767 948 ad
796 883 896 950 verba
923 883 1126 949 intransitiva
1151 885 1184 950 in
1214 896 1266 948 ere
1294 883 1455 967 pertinen·

327 980 406 1044 tium
435 1000 585 1046 numerus
612 988 718 1046 tantus
748 986 797 1046 est
831 980 949 1054 (albere
970 1016 1012 1028 —
1035 981 1204 1053 albescere,
1241 983 1390 1063 lunpuere
1411 1014 1454 1025 -—

327 1079 542 1160 languescere,
569 1076 765 1160 feruere-
786 1077 990 1161 fervescere,
1026 1078 1160 1142 borrcrc
1182 1114 1224 1124 —
1245 1077 1452 1153 horrescere),

327 1184 361 1240 ut
383 1195 449 1239 non
471 1175 606 1259 syllabis
629 1196 746 1252 -scere,
776 1175 834 1241 sed
858 1196 963 1238 escere
985 1173 1127 1240 fictorum
1150 1174 1290 1258 speeiem
1319 1175 1455 1257 praebu-

328 1273 420 1338 erint.
465 1272 536 1350 Quo
565 1272 683 1337 iactum
713 1281 777 1354 est,
807 1279 842 1337 ut
870 1293 935 1338 non
964 1275 1068 1338 solum
1087 1272 1275 1356 fervescere
1302 1278 1367 1353 ott,
1396 1269 1455 1336 sed

328 1369 425 1435 etiam
439 1368 668 1454 flammescere,
690 1390 879 1454 sepnescere,
902 1391 1076 1433 cornescere
1097 1377 1149 1436 ott.
1172 1371 1334 1452 (exempla
1354 1368 1456 1433 allate

328 1474 402 1532 sunt
425 1487 522 1548 supra
542 1467 563 1530 l.
587 1468 621 1542 1.)
645 1468 819 1548 diceretur,
842 1467 950 1533 verbis
972 1468 1007 1532 in
1033 1479 1102 1532 -ure
1123 1466 1209 1532 unde
1232 1465 1371 1532 deducta
1392 1465 1456 1531 sint

329 1584 394 1627 non
418 1565 628 1630 exstantibus

414 1660 579 1726 Postremo
601 1669 887 1728 commemorentur
909 1663 1112 1729 substantiva
1125 1662 1183 1727 illa
1197 1662 1230 1726 in
1252 1670 1358 1738 -eturn,
1380 1679 1455 1741 quo·

329 1778 397 1822 rum
417 1757 487 1838 jam
510 1760 630 1824 mentio
652 1759 738 1826 faeta
760 1769 817 1827 est.

416 1866 511 1931 Haud
533 1868 628 1934 aliter
648 1888 700 1935 res
712 1882 794 1936 'sese
816 1871 937 1935 habere
964 1870 1092 1935 videtur
1113 1870 1145 1933 in
1174 1867 1298 1951 majore
1326 1865 1457 1947 adjecti-

330 1985 441 2030 vorum
464 1965 497 2030 iu
521 1968 657 2029 -ulentus
677 1974 779 2050 parte.

417 2079 564 2161 Denique
596 2088 758 2165 superest,
792 2087 827 2146 ut
853 2101 1002 2146 moneam
1035 2100 1056 2145 a
1088 2076 1293 2144 deminutivis
1320 2077 1456 2142 aliorum

328 2194 456 2259 quoque
485 2176 669 2243 suffixorum
699 2198 760 2263 ope
781 2178 914 2243 nomina
934 2178 1073 2243 formari.
1118 2175 1217 2258 Cujus
1239 2174 1284 2240 rei
1308 2175 1458 2257 exempla

330 2274 412 2339 haee
435 2273 611 2339 sufficiant:

405 2387 637 2471 febriculosus
660 2388 849 2472 (febricula)
872 2388 912 2455 ci.
938 2388 1201 2472 febru‘cul-entus,
1230 2384 1458 2467 fruudulosus

329 2484 369 2550 ci.
394 2484 634 2568 fraudulentus,
655 2487 871 2570 serupul-osur
886 2482 1081 2570 (scrupulus),
1104 2484 1303 2555 siticulosus,
1324 2485 1457 2566 perticu-

330 2584 431 2646 lurc’us
454 2583 652 2667 (porticulus),
675 2585 877 2667 rempub-oris
906 2584 1108 2668 (scrupulum).
1153 2581 1199 2652 Of.
1223 2580 1319 2645 etiam
1342 2580 1459 2644 verba:

326 2684 510 2771 postulare,
533 2683 696 2765 petulans,
718 2682 869 2766 stipulari
889 2682 1053 2766 (repulus),
1077 2679 1286 2761 strunpulurc,
1308 2678 1460 2739 ueretilure

332 2782 496 2860 (seneclus)
541 2786 576 2845 tt.

417 2896 490 2961 Jam
519 2893 561 2958 ad
589 2892 752 2976 adJectiva
779 2914 819 2960 ea
841 2891 1061 2959 enumeranda
1082 2888 1288 2955 accedamus:
1325 2908 1459 2970 qnorum

329 2994 419 3077 apud
448 2993 635 3076 scriptores,
669 2992 722 3074 qui
750 2990 886 3074 Augusti
922 2988 1117 3072 temporibus
1144 2984 1340 3067 antiquiores
1367 2984 1461 3050 floru-

329 3097 436 3172 erunt,
460 3092 541 3155 haee
562 3089 786 3154 inveniuntur:

419 3204 591 3267 esculentus
620 3206 714 3282 (esce)
745 3202 846 3283 Varr,
880 3198 953 3280 oio,
982 3198 1035 3278 al,
1065 3196 1232 3259 lutulentus
1259 3195 1364 3272 (luto)
1394 3193 1459 3261 Cio.

333 3304 419 3384 flor,
437 3300 506 3381 Or,
522 3302 574 3382 al,
591 3300 792 3363 mustulentus
804 3302 942 3375 (musto-t
954 3295 1068 3376 Plaut,
1080 3294 1133 3373 al,
1146 3292 1327 3376 potulentus
1341 3294 1460 3374 (poto)

334 3400 410 3475 cio,
427 3398 525 3478 Suet,
543 3400 597 3479 alt,
621 3397 794 3461 vinolentus
809 3396 920 3471 (uino-J
937 3390 1012 3472 Cio,
1035 3391 1088 3472 al,
1111 3390 1309 3472 corpulentus
1324 3392 1458 3471 (corpus,
1586 3416 1587 3419 ¹

331 3500 479 3580 corpor)
501 3497 616 3572 Plaut,
648 3496 700 3575 al,
732 3491 963 3575 fraudulentus
985 3487 1132 3571 (fraud)
1155 3487 1271 3568 Plaut,
1301 3484 1377 3567 cic,
1406 3486 1461 3567 al,

335 3593 507 3657 luculentus
523 3594 608 3671 (luc-i
623 3592 738 3670 Plaut,
760 3592 902 3670 Terent,
917 3587 992 3667 cio,
1009 3587 1063 3669 al„
1085 3585 1249 3669 opulentus
1263 3586 1342 3667 (op-i
1358 3582 1461 3647 Plaut.

335 3692 430 3771 Eum,
461 3689 536 3773 (tiu,
559 3691 612 3771 al,
650 3687 882 3772 pulverulentus
904 3686 1053 3768 (pulses,
1081 3683 1223 3760 puluer·)
1249 3679 1324 3759 dic,
1355 3678 1462 3762 Verg,

337 3787 408 3870 Ov,
434 3789 614 3850 rorulentos
637 3792 719 3860 (ros,
742 3789 828 3857 ror-i
856 3784 985 3865 Seriptt.
1011 3800 1071 3845 rer.
1094 3785 1181 3859 rust,
1210 3777 1464 3859 sunpuinolentus

334 3887 508 3969 (sonpur'rr)
531 3883 632 3964 Varr,
656 3880 725 3963 Ον,
749 3880 879 3960 Tibull,
901 3880 954 3962 al„
985 3877 1176 3940 truculentus
1191 3880 1300 3952 (truc-t
1322 3875 1464 3955 Terent,

337 3984 416 4065 cie,
441 3981 546 4060 Ouid,
570 3980 697 4059 eatuli,
719 3978 772 4058 al,
794 3978 947 4040 uiolentus
961 3978 1029 4054 (ul-i
1053 3973 1128 4055 eie,
1151 3970 1221 4053 Ov,
1243 3971 1298 4052 al,
1319 3970 1464 4033 macilen-

338 4091 388 4145 tus
411 4081 549 4160 (mocio-i
570 4078 685 4158 Plaut,
708 4075 750 4139 al.

424 4192 521 4277 Apud
544 4210 600 4258 eos
622 4190 810 4274 scriptores,
834 4188 887 4271 qui
911 4195 984 4271 post
1004 4184 1138 4269 Augrrsti
1160 4190 1306 4265 tempora
1325 4179 1465 4262 inerunt,

338 4294 426 4359 solos
448 4293 530 4358 haee
550 4291 716 4371 leguntur:
