3575 5334
330 727 402 788 -356
838 724 984 780 Bechstein

320 901 469 982 utimur,
510 900 545 964 in
584 896 855 980 comparationem
889 903 1060 979 vocentur,
1100 897 1181 961 haec
1214 896 1365 979 exempla
1397 915 1461 979 pro·

339 998 498 1065 ferantur:

382 1093 509 1178 bepelzt
529 1093 683 1177 (pellitus)
706 1112 726 1157 a
749 1090 907 1157 substant.
926 1092 1002 1173 pelz

381 1189 514 1252 bekerel
533 1190 709 1267 (cordatus)
820 1212 859 1234 ·¹
931 1188 1010 1250 herz

380 1287 547 1370 pehealcelt
567 1290 724 1365 (ansatus)
822 1320 836 1332 -
932 1284 1047 1347 herkel

379 1382 538 1467 peetiefelt
563 1383 748 1457 (calceatus)
824 1417 838 1428 -
934 1380 1043 1463 str'esel

378 1480 529 1565 pestreefl
549 1479 751 1562 (virgulatus)
822 1512 838 1527 ·
933 1480 1015 1540 atrei
1030 1500 1066 1540 en

379 1587 505 1661 peortet
525 1576 733 1659 (ingeniatus)
824 1610 838 1621 ·
936 1585 991 1637 cra

382 1674 539 1757 verkappet
560 1674 710 1750 (velatus)
826 1708 840 1718 ·
938 1672 1057 1756 kappe·

338 1792 472 1856 quorum
494 1769 595 1836 verba
617 1768 873 1835 denominativa:
901 1770 1067 1853 bepelzen,
1091 1768 1252 1834 beherzen
1274 1772 1328 1831 ctt.
1352 1765 1386 1830 in
1408 1785 1460 1830 usu

338 1889 403 1935 non
426 1875 508 1934 aunt.

424 1969 454 2029 2.
477 1966 588 2029 Altero
617 1965 688 2028 loeo
717 1969 878 2045 ponantur
905 1964 1006 2029 verba
1034 1964 1093 2028 illa
1121 1961 1322 2041 inchoativa,
1352 1959 1460 2043 quibus

337 2062 547 2128 nominalium
576 2081 694 2127 nomen
716 2060 903 2126 indiderunt
930 2060 1146 2143 grammatici,
1174 2060 1208 2123 in
1234 2079 1340 2131 a-reo,
1371 2075 1458 2127 ereo,

337 2162 425 2223 i-eeo.
471 2158 578 2224 Verba
601 2158 686 2223 enim
710 2157 967 2240 denominativa,
1000 2156 1157 2239 aquibus
1179 2156 1261 2220 haec
1283 2153 1460 2220 inchoativa

336 2257 481 2339 prolecta
503 2256 577 2334 sint,
601 2274 701 2337 saepo
722 2275 788 2319 non
811 2260 949 2320 exstant.

422 2353 513 2431 Quae
534 2353 636 2418 verba
657 2353 691 2416 in
712 2354 813 2415 iecere
835 2352 952 2434 collegi
973 2351 1055 2418 haec
1076 2356 1165 2417 cunt:

382 2450 561 2513 laeti-scere
583 2449 706 2526 (laeto-l

383 2547 571 2629 [oapi-scere
592 2546 725 2629 (leupo-l

382 2651 598 2705 veteru-scere
622 2645 782 2721 (vetusto-l

373 2736 559 2819 sati-scere,
583 2737 800 2819 deseri-rcere
822 2739 872 2818 (ci.
887 2739 974 2823 sati·
994 2739 1027 2804 in
1050 2738 1206 2804 adverbio
1228 2736 1412 2821 cs-sali-m).

424 2833 592 2911 Quomodo
614 2841 721 2900 autem
744 2836 949 2899 dormi-scere
971 2858 993 2903 a
1015 2835 1219 2914 dormiendo,
1248 2837 1460 2919 concupiscere

338 2951 360 2997 a
381 2931 482 3013 stirpe
504 2933 578 3013 cupi
597 2932 642 3010 (in
659 2934 786 3015 capr-ci)
808 2934 994 3016 formantur,
1018 2934 1133 3000 eodem
1154 2931 1250 2997 modo
1272 2931 1356 2998 haec
1378 2934 1459 2995 laert·

338 3049 444 3106 acere,
467 3029 552 3111 loapi
559 3050 670 3092 -scere
691 3050 712 3094 a
733 3029 841 3096 verbis
863 3028 1017 3103 *laetere
1042 3028 1205 3113 *lonpira
1230 3049 1313 3111 quae
1337 3028 1459 3112 quidem

335 3131 411 3192 sunt
440 3126 608 3208 inusitata,
641 3125 736 3191 ducta
767 3126 990 3209 intellegenda
1018 3133 1102 3194 sunt.
1156 3127 1213 3193 Sin
1244 3125 1315 3207 quis
1349 3125 1460 3191 dixerit

335 3220 508 3295 laetiseere,
526 3224 706 3306 loupircera
724 3226 925 3287 oeterta'reere
938 3231 993 3290 ctt.
1007 3245 1048 3291 ex
1062 3224 1142 3307 ipsis
1156 3223 1340 3289 nominibus
1356 3223 1457 3292 laetos,

335 3316 455 3402 lorpes,
479 3329 616 3382 vetustus
631 3319 778 3386 derivata
800 3341 880 3404 esee,
904 3322 932 3387 is
951 3342 1006 3387 cur
1026 3321 1107 3388 haec
1129 3321 1261 3387 nomina
1275 3322 1420 3387 vocalem
1440 3320 1457 3390 i,

335 3415 468 3480 nomina
489 3434 565 3480 vero
586 3437 720 3498 pemma,
749 3417 899 3504 flamma,
929 3417 1044 3502 simula
1065 3420 1098 3484 in
1120 3419 1227 3485 verbis
1247 3438 1456 3500 qernmeeeere,
1483 3475 1487 3486 ,

328 3509 559 3595 flammescere,
583 3511 784 3596 fistalescare
798 3516 944 3582 vocalem
959 3536 985 3587 e,
1001 3536 1092 3598 puer,
1111 3525 1208 3593 tener,
1223 3515 1296 3596 pelo
1314 3515 1349 3580 in
1360 3514 1458 3581 verbis

331 3611 1455 3694 puerascere,tenerescere,pelaecerevoealemaadhibuerintostendat

310 3783 316 3796 Ι
421 3706 650 3788 Exemplorum
671 3705 706 3771 in
728 3728 837 3771 escere
858 3708 940 3773 haee
962 3709 1129 3775 obtineant
1150 3710 1272 3776 locum:

379 3801 492 3862 ira-rei
512 3803 585 3879 (ira)
608 3802 647 3867 ci.
669 3803 787 3866 ira-tus

376 3897 586 3979 puella-rcere
607 3899 737 3981 (puella)

374 4012 583 4075 perere-scere
606 3998 745 4077 (pamm)

378 4098 591 4153 tenero-scere
613 4098 761 4169 (tenero)
784 4098 816 4158 el
838 4103 1047 4157 iecere-scere

337 4205 613 4344 selreoperaeeere
657 4191 840 4271 (ceopero-);
892 4193 1057 4275 cooperari
1097 4193 1198 4258 semel
1248 4193 1366 4278 legitur
1405 4210 1449 4273 ap·

363 4280 440 4345 oin.
464 4286 513 4361 11,
537 4291 555 4359 t
578 4285 609 4347 9.
