3575 5334
640 691 672 746 da
690 690 806 746 dialecto
824 692 979 747 herodotus.
1310 691 1370 753 205

247 867 277 930 in
301 889 360 930 εσυ
384 863 441 929 sed
464 864 497 928 in
520 888 546 927 ω
569 864 684 930 mutari
704 864 777 947 jure
799 864 986 949 contendit),
1008 885 1112 948 neque
1134 864 1244 932 dubito
1267 866 1374 934 disere

248 963 302 1027 tali
326 963 381 1030 via
403 982 576 1044 numquam
599 962 768 1045 quiequam
793 964 969 1047 profectum
992 963 1040 1028 iri.

332 1058 489 1142 Equidem
512 1058 652 1142 quidde
675 1060 736 1127 hae
758 1081 792 1127 re
807 1080 965 1141 sensuam,
984 1061 1053 1143 jam
1077 1060 1211 1144 diotum3
1234 1063 1260 1127 si
1284 1061 1316 1126 in
1339 1082 1374 1128 re

246 1166 311 1225 tam
341 1159 465 1224 lubrica
486 1156 602 1224 eortius
625 1157 701 1240 quid
731 1158 889 1225 affirmare
917 1159 1008 1241 iioet,
1039 1160 1137 1224 multo
1160 1159 1284 1224 facilius
1306 1161 1374 1225 ubi·

247 1276 306 1339 que
331 1257 453 1324 formae
474 1262 658 1322 contractae
680 1276 776 1338 quam
798 1259 925 1323 solutae
946 1257 1069 1323 restitui
1091 1264 1234 1340 possunt.

332 1353 368 1419 Si
391 1360 508 1435 autem,
531 1353 566 1417 id
588 1352 673 1435 quod
694 1354 750 1419 vix
772 1353 879 1435 oredo,
902 1355 982 1421 haee
1004 1355 1104 1420 verba
1125 1374 1183 1438 per
1200 1378 1237 1420 ao
1253 1378 1298 1420 ευ
1316 1378 1372 1420 εου

247 1452 551 1535 pronuntiabantur,
581 1451 666 1517 hano
694 1475 715 1515 α
737 1453 770 1517 in
794 1476 809 1517 e
832 1453 1039 1519 mutationem
1068 1452 1250 1536 euphoniae
1277 1472 1375 1519 eausa

246 1550 365 1615 tautam
394 1568 466 1615 esse
495 1549 669 1614 eontraotio
700 1548 793 1615 dooet
820 1550 992 1616 formamm
1022 1545 1104 1637 ὁρᾷς
1133 1544 1211 1637 ὁρᾷ,
1241 1571 1373 1633 qnorum

248 1648 317 1713 iooo
342 1640 453 1731 ὁρέιις
477 1641 569 1731 ὁρέει
592 1667 656 1711 non
678 1666 738 1712 usn
760 1647 904 1723 veniunt
1247 1643 1249 1646 ’

332 1744 507 1810 Peeuliaris
535 1745 617 1810 ratio
640 1745 739 1811 verbo
762 1746 863 1830 ξυρᾶν
887 1753 950 1827 est,
980 1745 1065 1828 quod
1094 1745 1167 1811 huie
1185 1736 1375 1829 quaestioni

247 1842 429 1924 aduentam,
451 1839 542 1924 cujus
564 1842 685 1909 formae
700 1863 765 1908 non
787 1844 891 1909 solum
914 1863 972 1927 per
993 1868 1030 1909 ευ
1053 1843 1111 1909 sed
1135 1844 1231 1910 etiam
1254 1864 1313 1929 per
1335 1868 1373 1909 ου

248 1940 437 2017 soribuntur.
481 1941 523 2005 Et
545 1940 662 2023 legitur
684 1940 812 2022 quidem

289 2039 456 2122 ξυρῶντες
478 2038 512 2103 ΙΙ
535 2042 576 2103 65
598 2039 631 2103 in
654 2037 762 2116 ABR,
791 2039 969 2122 ξυροῦντες
991 2039 1025 2103 in
1050 2036 1127 2101 CPz

333 2135 384 2199 III
407 2139 426 2201 8
448 2135 482 2200 ip
505 2137 580 2214 AB,
603 2142 678 2201 -οῦ-
699 2136 733 2200 in
758 2133 873 2212 CPRz,
898 2135 941 2199 ib.
964 2136 997 2200 in
1019 2135 1127 2213 ABR,
1149 2140 1225 2199 -οὗ-
1249 2132 1322 2197 CPz

290 2234 456 2315 ξυρῶνται
478 2233 511 2298 II
534 2237 572 2298 37
597 2234 631 2298 in
654 2232 761 2311 ABR,
788 2234 962 2317 ξυροῦνται
988 2231 1064 2297 CPz

333 2330 365 2393 ΙΙ
389 2332 429 2395 66
457 2331 491 2394 in
520 2330 626 2409 ABP,
656 2332 833 2413 ξυροῦντες
859 2328 898 2412 C,
926 2333 1101 2413 ξυρέονται
1127 2329 1195 2407 Ra,
1231 2332 1375 2412 ξυρέων·

248 2452 303 2493 ται
326 2428 362 2511 d3
388 2428 437 2492 llI
463 2430 500 2492 12
522 2428 556 2492 in
579 2428 686 2505 ABR,
710 2431 883 2513 ξυροῦνται
908 2426 990 2506 CPz,
1014 2431 1189 2512 ξυρέονται
1211 2427 1246 2511 d3
1274 2427 1307 2491 ΙΙ
1334 2430 1375 2493 36

249 2526 310 2605 dR,
350 2526 526 2609 ξυροῦνται
556 2526 630 2606 AB,
668 2528 842 2610 ξυροῦνται
875 2524 957 2590 CPz.
1005 2527 1074 2591 Iam
1103 2524 1195 2591 vides
1224 2545 1374 2609 magnam

250 2622 503 2703 fluctuationem,
533 2642 614 2705 qnae
644 2607 785 2690 e'solito
813 2623 958 2689 oodioum
986 2623 1069 2689 inter
1095 2643 1131 2689 se
1158 2643 1283 2695 oonexu
1310 2643 1376 2690 non

249 2718 456 2803 intellegitur.
487 2720 628 2787 Steinius
644 2721 738 2803 eique
752 2741 904 2787 assensus
919 2722 1087 2805 Spreerius
1109 2741 1237 2805 semper
1258 2721 1377 2787 formas

250 2836 306 2900 per
321 2841 349 2880 ω
365 2816 499 2899 scriptas
514 2819 709 2902 praeterunt,
722 2839 793 2883 oum
808 2819 982 2903 Lhardyus
993 2841 1023 2904 p.
1033 2824 1062 2901 3,
1081 2818 1257 2886 Bredovius
1272 2842 1304 2905 p.
1314 2823 1375 2885 372

249 2914 447 2981 Herodotum
469 2922 504 2979 ut
519 2916 640 2982 Atticos
663 2919 792 3002 ξυρέειν
814 2936 879 2981 σου
896 2918 997 3000 ξυρᾶν
1014 2918 1134 2983 dixisse
1156 2925 1278 3002 putent.
1310 2916 1377 2983 Sed

249 3011 386 3078 tortasse
413 3032 465 3078 res
486 3013 581 3078 aliter
604 3033 675 3080 sese
703 3015 812 3079 habet.
857 3012 968 3097 ξυράιυ
991 3014 1079 3097 apud
1108 3015 1300 3098 posteriores
1323 3014 1375 3080 de·

249 3130 334 3176 mum
350 3111 521 3193 seriptores
543 3111 669 3194 legitur,
691 3112 800 3195 itaque
813 3111 977 3183 Herodoto
1000 3112 1158 3195 imputare
1179 3131 1244 3176 non
1262 3112 1375 3176 ausim.

250 3209 395 3294 ξυρῆσαι
416 3216 521 3274 autem
547 3205 573 3269 V
592 3211 642 3290 35,
666 3206 884 3296 ἀποξυρήσας
907 3210 960 3289 ib.²
985 3205 1183 3292 ἐξυρημένοι
1205 3227 1246 3273 ex
1268 3209 1375 3289 ξυρέω

249 3324 352 3388 aeque
380 3312 478 3387 atque
505 3326 546 3372 ex
574 3304 686 3391 ξυράω
711 3308 927 3390 explicantur:
965 3304 1093 3370 offendo
1115 3310 1221 3369 autern
1244 3305 1277 3369 in
1300 3328 1375 3367 -oo-

249 3405 405 3487 scriptura
426 3402 555 3489 saepius
570 3403 602 3467 in
618 3404 754 3487 singuiis
769 3404 933 3469 oodioibus
949 3402 1098 3484 exstanti,
1122 3421 1205 3484 quae
1219 3403 1254 3467 in
1263 3401 1376 3468 -verbis

249 3502 281 3568 in
305 3525 353 3567 εω
376 3501 549 3566 admodum
571 3520 645 3567 rara
667 3510 716 3568 est
738 3503 789 3579 (oi.
812 3501 912 3584 oapl
935 3502 1010 3582 §it
1033 3506 1228 3583 quapropter
1250 3507 1377 3584 praeter

249 3602 356 3684 ξορέω
373 3596 492 3683 ξυρόω,
513 3617 534 3662 a
549 3598 646 3682 ξυρὸν
663 3600 746 3665 bene
762 3599 983 3680 derivandum,
1007 3619 1065 3664 usu
1080 3597 1218 3681 venisse,
1242 3601 1377 3684 ξυροῦν-

248 3721 303 3762 ται
332 3697 518 3778 similesque
546 3695 718 3779 seripturas
742 3717 760 3763 e
782 3696 927 3762 eodioum
957 3694 1188 3762 consuetudine
1214 3695 1376 3762 interdum

248 3819 283 3859 ευ
307 3815 366 3879 pro
384 3817 421 3858 υυ
438 3794 471 3858 ἰυ
493 3793 598 3859 verbis
619 3793 653 3858 in
668 3818 733 3858 -ow
748 3793 920 3875 scribendi,
943 3801 1030 3859 ortas
1052 3812 1133 3874 esse,
1156 3793 1190 3857 in
1212 3795 1376 3878 ξυρῶντες

247 3913 324 3959 vero
346 3891 496 3957 librarios
517 3890 560 3956 ad
583 3892 791 3975 posteriorum
816 3912 908 3958 usum
930 3892 1099 3957 aberrasse
1121 3910 1246 3957 oenseo.
1284 3891 1377 3970 Quod

247 3990 332 4056 idem
355 3990 492 4055 fortasse
514 3988 601 4054 valet
623 3988 655 4052 in
681 3987 939 4072 ozaopsdpevog
963 3988 1042 4053 VIII
1061 3992 1121 4054 130
1144 3988 1194 4062 (cf.
1214 3985 1378 4068 σταθμῶ-

249 4093 382 4154 saeuas
398 4087 449 4156 111
468 4090 515 4149 15.
533 4089 573 4151 38
592 4087 636 4151 IV
652 4090 692 4150 58
710 4087 769 4151 VII
788 4092 838 4165 10)
856 4094 968 4152 eontra
984 4082 1241 4166 σταθμεόμενος
1255 4085 1287 4149 ΙΙ
1306 4089 1375 4165 150,
1419 4141 1422 4147 ,

249 4181 500 4268 σταθμώμενος
516 4183 576 4247 VII
592 4187 651 4246 237
676 4183 956 4266 (σταθμεῶμενος
970 4184 1033 4260 dat,
1057 4202 1189 4264 quarum
1204 4182 1375 4246 formarum

247 4282 391 4349 Steinius
413 4281 537 4346 nullam
559 4280 721 4346 sollicitat.
