3575 5334
664 706 696 759 de
714 704 795 774 alpha
812 706 953 761 intensivo.
1329 707 1369 768 93

331 907 364 976 4)
401 898 425 966 ἅ
430 925 564 985 γονον.

246 1038 386 1123 Hesych.
410 1032 549 1121 ἄγονον·
577 1034 730 1123 πήγανον
756 1030 778 1122 ἢ
800 1035 1047 1121 πολύγονον.
1091 1040 1214 1105 Nomen
1238 1042 1371 1123 plantae

246 1155 317 1202 csse
344 1134 472 1201 videtur
500 1152 582 1219 quae
609 1141 682 1200 ruta
701 1136 816 1200 Latine
843 1143 983 1200 vocatur.
1028 1136 1061 1201 si
1090 1156 1170 1201 sana
1192 1144 1241 1203 est
1261 1140 1370 1220 glossa
1464 1187 1466 1191 -

244 1232 415 1317 Hesychii,
443 1232 545 1315 alpha
566 1232 780 1315 copulativum
804 1250 875 1297 esse
902 1238 1008 1315 potest
1034 1240 1066 1298 et
1090 1232 1261 1316 significat:
1298 1254 1369 1300 cum

245 1329 420 1396 seminibus
442 1332 585 1413 (propter
603 1328 885 1413 pinguitudinem).

330 1466 362 1542 5)
401 1460 559 1550 ἀολλής.

246 1603 293 1667 ill.
317 1602 360 1666 M.
386 1603 435 1683 19,
459 1604 501 1666 54
528 1598 623 1682 παρὰ
645 1597 684 1664 τὸ
707 1595 791 1664 &ltro
815 1596 927 1680 ἒλλής·
957 1602 1014 1666 καὶ
1035 1600 1120 1682 μετὰ
1143 1608 1202 1666 τοῦ
1227 1626 1248 1665 οι
1272 1600 1368 1669 ἔπι-

246 1703 417 1763 caunac
446 1693 577 1782 ἀελλής.
620 1696 685 1762 Sed
710 1696 780 1778 jam
803 1699 892 1763 Eust.
916 1701 994 1776 641,
1018 1701 1058 1763 63
1088 1699 1188 1782 alpha
1215 1702 1368 1785 copulati·

246 1816 317 1861 vum
346 1794 480 1878 agnovit
514 1794 555 1860 de
587 1815 649 1877 quo
679 1814 764 1859 nuuc
791 1813 885 1859 nemo
915 1794 1062 1861 dubitare
1094 1802 1209 1879 potest.
1261 1800 1368 1864 Radix

246 1900 291 1959 ost
313 1892 374 1958 fot
396 1910 552 1975 premere,
574 1909 683 1958 arcere
710 1890 749 1958 de
772 1911 836 1973 qua
857 1891 896 1956 cf.
920 1891 1004 1957 Curt.
1029 1895 1049 1958 l.
1072 1895 1093 1958 l.
1117 1898 1179 1961 539
1195 1914 1241 1977 sq.

325 2027 360 2102 6)
399 2021 569 2109 ἁθρόος.

246 2163 311 2229 Ηοο
340 2180 467 2245 quoque
494 2161 683 2226 vocabulum
709 2160 838 2227 inerunt
866 2162 920 2244 qui
948 2162 990 2226 ab
1019 2163 1119 2245 alpha
1139 2163 1299 2229 intensivo
1320 2167 1367 2232 in-

245 2261 349 2344 cipere
371 2264 523 2342 putarent
544 2257 582 2324 ci.
598 2259 649 2323 nt.
665 2259 707 2322 M.
723 2260 774 2337 25,
799 2261 849 2336 26,
872 2257 931 2324 sod
953 2260 1160 2326 certissimum
1183 2280 1254 2326 esse
1276 2282 1368 2345 prae-

246 2356 295 2422 fixi
319 2357 494 2440 copulativi
518 2356 697 2439 exemplum
720 2367 817 2437 supra
835 2355 906 2437 jam
923 2354 1070 2422 diximus.
1100 2357 1252 2440 Spiritum
1274 2379 1366 2443 aspe-

244 2475 309 2519 rum
333 2453 479 2519 defendit
500 2452 701 2519 Aristarchus
723 2452 762 2517 ci.
785 2452 904 2518 Herod.
928 2453 979 2519 ed.
1001 2454 1101 2519 Lentu
1122 2455 1154 2519 Il
1179 2458 1246 2520 136.

328 2607 359 2679 7)
397 2597 522 2682 ἄοζος

243 2757 262 2802 a
292 2737 502 2820 grammatico
538 2734 646 2800 nescio
679 2754 741 2818 quo
778 2735 863 2818 apud
903 2737 1138 2804 Blomfieldium
1173 2737 1216 2805 ad
1250 2739 1365 2807 Aesch.

244 2835 355 2917 Agam.
380 2835 442 2898 226
470 2832 649 2916 explicatur
671 2830 888 2911 πολύοζος.
933 2835 1130 2918 Lobeckius,
1161 2837 1253 2920 proll.
1277 2840 1365 2922 path.

244 2934 304 2996 360
333 2938 464 3016 etymon
491 2931 633 3013 ignotum
657 2949 727 2996 esse
754 2930 846 3010 dicit,
875 2932 1015 3017 speciem
1044 2952 1201 3018 apparere
1228 2936 1261 3001 in
1288 2935 1367 3001 Λά-

243 3027 342 3118 νοζος
363 3028 433 3094 sive
454 3027 613 3107 Λόκοζος
634 3028 722 3093 urbis
745 3027 905 3112 Phrygiae
926 3030 1066 3095 nomine.
1103 3031 1168 3096 Sed
1190 3034 1365 3099 secundum

243 3125 434 3194 Bernhardii
458 3132 490 3192 et
511 3125 605 3191 Pottii
635 3124 881 3209 explicationem
906 3124 1031 3193 Curtius
1059 3121 1159 3206 ἅοζος
1186 3127 1273 3193 idem
1296 3149 1366 3197 esse

244 3223 337 3290 docet
358 3222 444 3307 quod
458 3223 609 3289 Latinum
631 3227 790 3304 „comes“,
813 3228 848 3286 ut
862 3222 904 3287 sit
920 3243 978 3304 pro
993 3219 1163 3307 ἀ-ο6-]ὀ-ς
1184 3224 1264 3301 (rad.
1279 3226 1365 3291 sudi:

242 3322 293 3404 qui
318 3339 383 3386 unu
404 3321 440 3402 it,
463 3320 516 3402 qui
538 3321 680 3404 sequitur
700 3320 850 3401 aliquem.
884 3319 975 3385 Nihil
998 3321 1153 3404 estquod
1176 3321 1366 3390 contradici

242 3417 353 3501 possit.

327 3555 360 3629 8)
395 3548 622 3638 ἀοσσητήρ.

242 3685 332 3768 Quae
358 3687 413 3754 vel
441 3694 568 3753 veteres
593 3687 791 3769 grammatici
820 3688 873 3753 vel
901 3690 1094 3755 recentiores
1121 3688 1161 3755 de
1188 3690 1250 3756 hoc
1272 3703 1364 3758 roca·

242 3784 317 3851 bulo
351 3784 523 3851 commenti
555 3783 634 3865 sint,
672 3784 844 3867 inspiciant
878 3786 939 3868 ipsi
973 3787 1026 3869 qui
1059 3807 1162 3869 nugas
1198 3798 1364 3872 quaerunt.

243 3881 461 3965 veriloquium
491 3881 638 3965 exposuit
660 3880 786 3947 Curtius
814 3884 835 3946 l.
858 3882 879 3946 l.
905 3888 965 3947 454
994 3884 1062 3966 qui,
1091 3904 1161 3950 cum
1191 3881 1364 3973 ἀοσσητήρ

243 3999 297 4062 pro
318 3975 558 4064 &ocupa-spe
573 3998 652 4045 esse
675 3978 886 4068 demonstret,
916 3981 1105 4046 vocabulum
1128 3982 1280 4047 aradius
1307 3981 1366 4043 sat

246 4082 357 4159 (graec.
381 4098 465 4154 oca,
489 4073 545 4151 ἔνο)
569 4075 694 4141 derivat
722 4082 756 4140 ut
778 4076 819 4141 sit
839 4076 860 4140 i.
884 4096 914 4158 q.
938 4072 1140 4154 ἀκόλουθος.
1185 4077 1292 4159 Alpha
1314 4095 1363 4139 co-

245 4175 418 4254 pulatirum
433 4177 505 4255 tot,
524 4180 596 4266 'lion
617 4174 811 4257 privativum
832 4175 885 4238 vel
907 4174 1110 4239 intensivum.
1155 4171 1236 4237 Huic
1255 4178 1364 4236 'autem

244 4272 396 4337 'vocabulo
412 4266 586 4356 doooplrrfo
608 4272 787 4354 comparari
808 4277 914 4353 potest
934 4267 1086 4354 ’ἀμορβός
1106 4287 1222 4351 comes,
1245 4273 1364 4350 pastor,
