3575 5334
656 704 690 760 de
708 704 790 776 alpha
807 704 949 761 intensiro.
1311 704 1370 767 109

240 856 446 961 Diogenia⁸no
469 878 597 960 tribuat,
619 877 792 945 secundam
815 885 847 945 et
868 878 995 944 tertiam
1019 899 1112 948 cruce
1133 882 1371 965 desperantium

241 975 395 1059 apposita
417 983 547 1043 censeat
569 995 640 1042 esse
662 984 837 1060 corruptae,
864 983 1013 1059 quattuor
1034 983 1141 1043 autem
1164 987 1287 1046 ceteras
1309 981 1373 1047 He·

242 1072 355 1157 sychio
385 1072 547 1154 relinquat
575 1074 786 1157 epitomatori.
831 1075 900 1141 Nec
928 1081 1037 1140 tamen
1063 1076 1122 1141 has
1144 1096 1240 1143 sensu
1262 1097 1372 1145 carere

242 1169 451 1250 crediderim,
475 1171 595 1235 sicum
618 1171 738 1254 prima,
762 1173 888 1253 quinta,
919 1180 1012 1237 sexta
1034 1172 1208 1239 Phanorini
1229 1174 1371 1258 glossam

236 1286 466 1350 comparamus
487 1268 564 1333 item
587 1275 768 1352 corruptam
792 1265 968 1353 ἀγροτενιῦ·
997 1267 1149 1352 γρώοσω,
1180 1268 1264 1336 ἰαύω
1283 1271 1369 1349 (fort.

243 1360 429 1449 ἀγρώσσω,
453 1359 513 1429 οὐκ
537 1361 673 1444 ratas),
712 1387 904 1449 quamquam
932 1367 966 1431 in
993 1387 1029 1432 re
1059 1374 1124 1432 tam
1146 1367 1270 1434 lubrica
1290 1369 1371 1434 nihil

244 1460 348 1527 audeo
379 1461 566 1544 dijudicare.
611 1464 725 1529 Paullo
754 1462 965 1531 confidentius
998 1464 1124 1530 tertiam
1155 1467 1296 1548 glossam
1326 1467 1372 1532 ita

245 1557 450 1624 emendatam
484 1560 686 1642 Diogeniano
722 1560 903 1627 reddimus:
946 1557 1113 1645 ἀγρυπνεῖ
1142 1563 1222 1639 (sive
1251 1564 1373 1631 inserta

245 1656 349 1721 vocali
385 1656 564 1721 irrationali
600 1654 810 1742 o'cyepvrrvctl·
848 1655 976 1745 ἐφορᾷ·
1016 1655 1192 1725 ἀσπαστὸν
1229 1657 1371 1748 ἡγεῖται.

246 1752 367 1835 Vigilat
388 1753 483 1835 eninr,
513 1776 578 1820 non
602 1754 718 1820 dormit
740 1747 928 1839 (ἀγρυπνεῖ)
951 1758 1005 1839 qui
1028 1757 1112 1840 quod
1138 1766 1225 1823 amat
1247 1754 1373 1832 (ἆοπα-
1454 1840 1458 1848 .

247 1848 323 1914 στὸν
347 1844 493 1935 ἡγεῖται)
519 1853 658 1918 sollicita
680 1873 755 1917 cura
778 1854 928 1919 observat
950 1852 1094 1944 (ἐφορᾷ).

329 1951 475 2017 Oautene
497 1951 620 2033 egimus
642 1971 684 2015 an
707 1950 911 2033 vituperandi
939 1972 1056 2031 snmus,
1084 1952 1169 2034 quod
1191 1952 1274 2017 inter
1295 1948 1373 2019 dac-

246 2046 457 2135 τομολόγητα
477 2047 512 2113 id
529 2049 721 2113 vocabulum
742 2048 931 2129 rettulimus,
956 2048 1046 2131 cnjus
1068 2055 1193 2113 ueteres
1215 2069 1374 2131 gramma·

246 2146 297 2211 tici
318 2146 406 2211 hanc
428 2146 542 2212 seriem
565 2145 830 2227 significationum
854 2165 925 2210 esse
946 2145 1131 2210 voluerunt:
1163 2145 1296 2227 σεμνός,
1320 2146 1373 2211 ἕν-

246 2268 351 2326 τιμος,
375 2244 449 2310 λίαν
466 2244 612 2324 ἔνδοξος,
629 2235 777 2329 εὐκλεής,
795 2239 961 2327 ἀνδρεῖος,
984 2237 1214 2328 ὑπερήφανος,
1237 2248 1371 2325 γαῦρος,

247 2336 458 2428 ὑπερόπτης,
481 2336 658 2425 ὑβριστής,
681 2337 907 2424 μεγάλαυχος,
931 2336 1070 2419 ἀλαζών,
1094 2336 1267 2425 αὐθάδης,
1291 2336 1373 2403 dao-

247 2462 339 2523 σμος,
366 2435 598 2515 auctoratos?

329 2596 362 2668 3)
397 2588 568 2677 Ἀζησία

248 2728 351 2793 Bekk.
375 2728 436 2792 An.
461 2730 533 2808 348,
561 2730 601 2792 26
630 2721 737 2801 οὕτως
765 2718 785 2808 ἡ
817 2722 979 2811 Δημήτηρ
1008 2725 1103 2807 παρὰ
1126 2726 1297 2812 Σοφοκλεῖ
1324 2726 1373 2804 (fr.

248 2828 305 2890 809
330 2825 442 2899 Dino.)
465 2826 626 2889 καλεῖται.
651 2820 684 2887 οἱ
707 2821 744 2887 δὲ
768 2827 826 2886 νῦν
847 2819 909 2908 την
932 2818 1094 2909 εὐτραφῆ,
1118 2824 1211 2888 aliter
1233 2825 1373 2907 Hesych.

248 2917 313 2987 ἀπὸ
337 2928 399 2986 τοῦ
423 2918 570 3001 ἆζαίτειν
592 2918 671 2995 τοὺς
692 2916 844 3004 καρπούς
867 2918 907 2985 cf.
929 2919 1060 3001 Didym.
1084 2942 1115 3004 p.
1136 2923 1207 3002 397,
1230 2921 1373 2987 Lobeek.

248 3019 407 3102 Aglaoph.
431 3022 502 3084 822.
553 3016 750 3099 Oonjocturis
780 3036 859 3098 quas
885 3018 1078 3082 recentiores
1105 3016 1165 3081 viri
1197 3017 1281 3082 docti
1303 3038 1375 3101 pro·

247 3119 387 3183 tulerunt
414 3136 456 3182 ne
477 3136 595 3180 novam
617 3113 790 3193 addamus,
820 3113 917 3179 Ceres
939 3135 959 3178 a
982 3113 1141 3196 Sophocle
1163 3119 1219 3178 aut
1245 3120 1375 3197 propter

247 3215 408 3280 tristitiam
436 3233 500 3295 qua
528 3211 594 3277 filia
629 3211 747 3276 amissa
776 3210 1018 3277 excruciabatur
1043 3206 1181 3295 Ἀζηοία
1212 3210 1297 3274 dicta
1327 3217 1375 3276 est

248 3309 324 3390 (ζάω
342 3330 415 3376 cum
430 3310 530 3393 alpha
544 3309 715 3393 privativo)
732 3315 786 3372 ant
801 3315 931 3390 propter
946 3308 1053 3388 fruges
1068 3326 1160 3388 quae,
1177 3324 1247 3370 cum
1263 3306 1374 3372 aridae

247 3405 328 3495 (ἅζη,
353 3405 515 3487 ἆζαίνειν)
531 3408 605 3489 sint,
630 3406 747 3470 Bacchi
763 3405 856 3469 donis
873 3409 1087 3487 opponuntur.
1122 3402 1262 3469 Videant
1277 3404 1305 3470 si
1320 3405 1374 3487 qui

247 3507 379 3571 meliora
399 3506 531 3571 habent.

331 3662 363 3732 4)
402 3649 582 3744 ἀκριβής

246 3812 309 3858 non
331 3798 410 3856 ante
432 3791 654 3875 Thucydidem
676 3762 846 3873 invenitur,
870 3788 928 3855 sed
950 3788 1096 3870 quamvis
1119 3788 1160 3853 sit
1182 3808 1293 3854 recens
1317 3788 1377 3872 dil-

245 3887 326 3955 iicile
349 3895 399 3954 est
421 3887 464 3952 ad
486 3888 722 3972 explicandum.
766 3887 981 3953 Doederlinus
1003 3886 1073 3966 qui,
1102 3891 1138 3949 nt
1160 3886 1206 3951 ait
1227 3885 1326 3971 ipse,
1342 3887 1376 3951 in

244 3986 361 4070 ctymis
394 3984 589 4067 indagandis
622 4006 735 4051 sensus
768 3993 800 4049 et
832 3982 1076 4066 significationis
1110 4002 1205 4064 quam
1237 3983 1308 4049 soni
1337 4001 1376 4047 ac

245 4083 411 4149 literarum
433 4082 657 4148 similitudines
680 4082 866 4163 diligentins
894 4088 1041 4164 spectare
1065 4079 1249 4159 consuevit,
1278 4073 1376 4158 ἀκρι-

244 4177 307 4267 βής
329 4179 452 4264 repetit
471 4200 492 4245 a
513 4180 612 4246 verbo
628 4184 754 4262 κρίνειν
770 4185 802 4243 et
824 4179 866 4243 ab
889 4177 989 4260 alpha
1012 4177 1081 4241 sive
1103 4174 1282 4257 euphonico
1305 4172 1375 4238 sive

243 4276 418 4343 intensive.
462 4278 527 4343 Alii
563 4276 606 4343 ad
639 4272 740 4361 ἄκρος
770 4282 866 4358 atque
903 4273 986 4340 adeo
1023 4272 1066 4337 ad
1103 4269 1264 4354 κρύπτειν
1301 4288 1375 4335 con-
