3575 5334
565 724 598 779 de
616 725 732 781 dialecto
749 726 842 781 Attica
859 726 1014 782 vetustiore.
1049 726 1084 780 11.
1326 729 1389 791 433

262 894 417 961 orationis
430 895 611 961 etiamnum
625 894 817 960 noverimus.
840 916 958 980 nempe
969 896 1137 980 pristinam
1147 898 1290 982 linguam
1305 903 1388 968 Neo·

262 993 406 1058 Ionioam
427 993 460 1056 in
483 1013 575 1059 usum
590 993 779 1075 scriptorum
795 1013 835 1059 ex
850 995 1003 1078 analogia
1017 996 1123 1076 poesis
1138 998 1254 1079 partim
1277 1000 1389 1083 epicae

261 1091 379 1175 partim
401 1090 538 1155 Doricae
560 1091 606 1155 ita
622 1097 777 1156 mutatam
793 1110 873 1175 esse,
897 1098 931 1156 ut
952 1091 1082 1156 tandem
1105 1091 1195 1175 haec,
1217 1114 1313 1177 quam
1333 1098 1389 1163 ad-

240 1216 242 1219 <
263 1187 424 1267 miramur,
440 1187 547 1252 Attica
563 1189 724 1270 elegantia
738 1190 891 1256 eveniret.
921 1197 956 1255 at
969 1190 1044 1254 talis
1059 1190 1267 1258 conformatio
1283 1215 1389 1261 novae

262 1286 408 1368 linguae,
440 1305 522 1367 quae
544 1286 585 1350 ab
608 1286 761 1368 indigene
783 1306 931 1353 sermone
952 1288 1068 1352 civium
1092 1307 1157 1352 non
1179 1291 1311 1371 paulum
1333 1294 1388 1358 ab·

262 1382 399 1463 horreat,
425 1383 572 1465 exiguam
591 1384 730 1467 speeiem
754 1384 899 1450 veritatis
915 1383 1022 1467 habet,
1047 1404 1152 1467 neque
1169 1385 1254 1468 quod
1271 1387 1388 1454 Herzo-

256 1480 511 1562 ,gins(l.l.102)
534 1482 659 1563 apoesi
681 1481 783 1564 lyrica
804 1480 932 1564 repetiit
953 1483 1136 1565 exemplum
1157 1480 1241 1547 hanc
1256 1483 1389 1550 difficul-

260 1584 359 1643 tatem
380 1576 494 1643 tollere
516 1584 631 1660 potest.
682 1599 758 1643 nam
786 1584 903 1662 poetae
930 1578 1023 1663 lyrici
1053 1579 1141 1663 apud
1163 1579 1304 1647 Graecos
1330 1603 1389 1667 per

260 1674 352 1740 varia
380 1675 452 1739 loca
479 1675 650 1758 variasque
678 1676 824 1742 civitates
856 1676 992 1759 dispersi
1022 1683 1054 1743 et
1082 1677 1166 1742 hanc
1194 1677 1236 1743 ab
1259 1697 1388 1745 causam

261 1772 360 1838 variis
383 1771 530 1838 dialectis
551 1772 687 1855 assueti,
717 1793 787 1838 cnm
814 1774 924 1839 crebro
947 1774 1136 1839 commercio
1158 1774 1299 1842 intense
1320 1796 1390 1842 ver·

260 1875 424 1949 serentur,
455 1889 553 1933 unum
575 1869 707 1952 aliquod
736 1890 904 1936 commune
933 1878 965 1937 et
991 1871 1184 1937 multiforme
1212 1892 1314 1954 genus
1343 1873 1389 1938 di·
1453 1958 1457 1965 Ι

262 1965 357 2032 cendi
378 1966 439 2033 sibi
468 1964 637 2031 finxerunt.
691 1966 867 2032 Atticorum
895 1974 1003 2034 autem
1029 1970 1221 2051 scriptorum
1248 1969 1389 2036 conditio

261 2063 360 2146 longe
382 2064 449 2129 alia
470 2063 539 2144 luit,
566 2063 620 2145 qui
642 2063 736 2130 unius
758 2063 898 2129 civitatis
919 2064 999 2129 satis
1020 2065 1100 2130 artis
1121 2064 1237 2130 finibus
1258 2067 1389 2131 circum·

261 2160 341 2226 clusi
364 2161 444 2227 etin
460 2161 566 2227 medio
581 2162 667 2227 victu
682 2167 715 2227 et
736 2180 882 2228 sermone
897 2161 1022 2244 volgari
1044 2162 1168 2245 patriae
1182 2163 1270 2227 urbis
1291 2164 1388 2244 positi

262 2264 362 2324 crant.
407 2258 448 2323 de
477 2258 653 2340 posteriore
683 2259 768 2325 onim
795 2264 918 2340 aetate,
952 2278 1016 2340 qua
1044 2266 1159 2341 poetae
1187 2259 1328 2325 maxime
1356 2267 1388 2327 et

260 2354 404 2421 rhetores
427 2354 522 2420 Attici
545 2373 604 2437 per
624 2362 723 2422 totam
739 2356 908 2423 Graeciam
930 2356 1143 2438 vagabantur,
1166 2355 1298 2438 cogitari
1320 2378 1386 2422 non

260 2458 381 2536 potest,
405 2452 480 2534 quia
502 2472 575 2518 eum
597 2458 714 2518 statum
736 2454 884 2535 linguae,
909 2472 1003 2535 quem
1026 2453 1201 2535 Herzogins
1223 2454 1281 2518 tali
1303 2473 1386 2519 com·

260 2550 378 2615 morcio
402 2556 503 2614 ortum
527 2570 598 2617 esse
618 2555 720 2634 putat,
743 2550 931 2632 pulvisculis
949 2549 1138 2632 quibusdam
1157 2551 1300 2634 exceptis
1321 2551 1386 2616 iam

260 2648 294 2712 in
328 2645 587 2730 inscriptionibus
617 2647 708 2713 initio
742 2647 822 2713 belli
853 2648 1121 2731 Peloponnesiaci
1157 2647 1386 2715 vetustioribus

261 2763 420 2829 apparere
442 2743 591 2809 vidimus.

347 2839 431 2923 quod
453 2842 481 2906 si
503 2842 597 2907 huius
621 2840 816 2907 difficultatis
831 2842 956 2908 ratione
970 2862 1035 2907 non
1057 2841 1169 2907 habita
1189 2860 1388 2923 quaeremus,

231 2947 232 2951 ’
261 2958 417 3020 quasnam
439 2937 653 3021 differentias,
683 2958 765 3020 quae
792 2939 877 3005 inter
905 2938 1077 3004 dialectum
1099 2938 1286 3021 scriptorum
1309 2937 1389 3002 Atti·

260 3054 369 3100 corum
392 3041 425 3101 et
447 3035 663 3101 Herodoteam
684 3035 901 3115 intercedant,
930 3035 1106 3117 Herzogius
1134 3035 1305 3116 analogiae
1327 3051 1389 3116 ope

262 3132 487 3216 explicaverit,
526 3152 545 3199 6
576 3134 738 3198 montibus
774 3131 1027 3214 parturientibus
1061 3130 1230 3195 ridiculum
1266 3148 1388 3194 murem

261 3237 432 3313 pronatum
456 3249 527 3295 esse
548 3231 643 3297 iaoile
664 3230 898 3311 intellegemus.
950 3226 1009 3294 sed
1037 3227 1175 3310 spatium
1203 3226 1297 3292 huius
1325 3225 1388 3292 dis-

261 3327 445 3395 sertationis
468 3328 672 3410 excederem,
695 3328 723 3393 si
746 3345 856 3392 omnes
877 3325 1022 3407 facetias,
1044 3324 1158 3406 quibus
1179 3324 1237 3392 ille
1258 3323 1387 3406 genium

261 3426 394 3507 curavit,
419 3445 606 3491 enumerare
629 3432 661 3491 et
682 3426 843 3491 illustrare
865 3421 994 3488 vellem.
1025 3441 1088 3504 qua
1109 3440 1145 3487 re
1166 3439 1271 3504 pauca
1292 3420 1386 3503 elegi,

261 3542 343 3605 quae
378 3522 510 3587 maximi
539 3524 692 3589 momenti
727 3541 799 3589 esse
826 3520 1001 3601 Hernogius
1034 3520 1106 3602 ipse
1137 3518 1300 3602 professus
1328 3524 1387 3583 est.

260 3620 345 3685 inter
372 3638 454 3700 quae
482 3625 558 3685 ante
587 3620 694 3685 omnia
723 3626 772 3686 est
806 3616 982 3684 contractio
1010 3615 1169 3682 vocalium
1197 3616 1385 3696 (11102),

261 3736 358 3799 quam
381 3736 421 3782 ox
448 3717 522 3798 ipsa
543 3723 659 3781 natura
680 3717 726 3783 rei
749 3715 904 3799 explicari
932 3734 1028 3796 posse
1054 3717 1162 3795 negat.
1205 3711 1389 3793 argumenti

260 3815 331 3878 loco
353 3814 617 3895 unam'regulam
640 3814 741 3894 affert,
765 3832 860 3894 quam
883 3813 922 3878 G.
943 3811 1080 3893 Curtius,
1103 3809 1251 3887 „Griecb
1275 3808 1388 3875 Schul-

261 3910 478 3993 grammatik“
501 3913 531 3990 ξ.
555 3914 594 3975 38
617 3911 663 3975 616
684 3910 863 3993 proposuit:
897 3909 1023 3985 „Wenn
1047 3907 1105 3973 der
1125 3907 1264 3972 mittlere
1285 3906 1389 3971 alant

262 4008 320 4073 mit
343 4008 416 4092 dem
439 4008 584 4072 belleren
607 4008 707 4073 e-laut
727 4006 1006 4088 zusammentrifft,
1037 4004 1213 4086 llberwiegt
1235 4002 1292 4068 der
1318 4002 1401 4074 laut¹

264 4104 321 4171 des
336 4104 620 4171 voranstelrenden
635 4104 776 4169 vocals.“
806 4103 890 4167 banc
912 4103 1018 4184 legem
1040 4103 1124 4168 iusta
1137 4101 1263 4166 ratione
1278 4117 1387 4164 carere

262 4207 363 4285 putat,
387 4202 462 4283 quia
483 4202 516 4266 in
539 4203 660 4284 protasi
675 4221 782 4280 sonus,
803 4200 836 4264 in
852 4198 988 4282 apodosi
1010 4200 1125 4282 positio
1141 4198 1299 4262 vocalium
1314 4215 1388 4261 con-

263 4297 493 4365 trahendarum
515 4305 677 4381 tamquam
701 4296 840 4364 conditio
856 4298 933 4377 eins,
957 4314 1040 4377 quae
1056 4300 1211 4361 eventura
1231 4294 1282 4375 sit,
1305 4312 1388 4359 com·

1128 4395 1182 4447 na*
