3575 5334
336 674 377 735 62
853 676 955 730 Clemm

335 866 442 928 uerus,
467 847 676 927 Hoimannus‚
701 847 977 930 Dillenburgerus,
997 845 1145 927 Orellius‚
1169 847 1338 931 Hauptius,
1361 849 1459 914 Lehr·

335 946 401 1010 sius
424 945 496 1025 alii,
527 945 603 1027 quin
625 945 721 1009 etiam
745 944 892 1009 Kellerus
923 944 1144 1027 Holderusque
1172 946 1367 1030 scripserunt
1389 968 1458 1008 voe·

333 1042 483 1126 pedidus,
519 1041 678 1123 Bergkius
709 1041 848 1106 mediam
876 1043 962 1106 viam
991 1044 1154 1123 ingressus
1181 1044 1329 1125 sagacius
1364 1063 1458 1125 quam

335 1141 456 1204 felicius
485 1139 622 1220 conjecit
649 1147 776 1200 resonet
802 1141 861 1202 oio.
914 1139 1005 1204 Unus
1033 1138 1231 1205 Ribbeokius
1260 1160 1363 1223 nuper
1391 1142 1459 1204 viro

335 1237 437 1301 divini
465 1236 586 1318 ingenii
615 1236 807 1317 suffragatus
837 1243 900 1318 est,
929 1238 962 1300 in
991 1236 1081 1318 cujus
1110 1257 1170 1318 ego
1196 1256 1322 1319 quoque
1351 1243 1459 1322 partes

335 1334 501 1400 discedere
536 1355 601 1398 non
636 1333 757 1397 dubito.
814 1334 896 1397 Nam
933 1333 1018 1415 quod
1047 1341 1157 1398 contra
1190 1335 1383 1417 Bentleyum
1415 1333 1458 1398 di-

334 1451 407 1496 cere
436 1432 541 1495 solent
574 1430 760 1511 interrumpi
789 1429 970 1513 asyndeton
1007 1451 1069 1512 quo
1104 1450 1239 1513 maguus
1273 1451 1331 1514 per
1359 1439 1459 1497 totam

335 1529 464 1593 domum
491 1528 644 1592 tumultus
675 1526 856 1609 legentibus
890 1529 981 1609 quasi
1014 1528 1072 1593 sub
1107 1529 1215 1593 oculos
1247 1536 1393 1610 ponatur,
1426 1531 1458 1594 id

333 1646 446 1690 vereor
467 1644 508 1690 ne
531 1624 624 1689 aliter
646 1624 837 1705 dehabeat,
861 1626 958 1688 immo
979 1645 1055 1690 vero
1077 1626 1214 1707 repetita
1236 1627 1459 1709 conjunctione

335 1743 373 1784 oo
401 1730 554 1804 tanquam
585 1721 647 1786 duo
676 1728 836 1786 momenta
868 1722 1115 1803 perturbationis
1144 1721 1392 1804 distinguuntur,
1426 1709 1468 1789 ut'

333 1820 420 1903 prius
450 1818 671 1883 describantur
698 1838 781 1901 quae
806 1817 885 1882 fiunt
908 1819 1009 1884 donec
1037 1821 1109 1901 ipsa
1131 1820 1249 1901 conjux
1271 1820 1458 1887 redeuntem

333 1917 482 1981 maritum
505 1916 603 1998 audit,
627 1917 746 1981 deinde
768 1923 883 1981 cetera.
915 1915 977 1996 Sic,
1001 1936 1071 1980 oum
1086 1937 1151 1980 non
1167 1938 1264 1980 unum
1279 1917 1457 1983 habeamus

333 2012 514 2098 asyndeton
544 2020 613 2079 octo
642 2015 853 2079 membrorum
883 2013 942 2078 sed
970 2012 1034 2077 duo
1063 2021 1304 2095 quaternorum,
1334 2022 1457 2080 tantum

334 2112 427 2176 abest
466 2117 500 2173 ut
531 2111 619 2175 locus
649 2111 772 2176 Horatii
807 2111 993 2192 languescat
1026 2115 1059 2173 ut
1087 2112 1160 2193 plus
1190 2112 1328 2194 accipiat
1361 2133 1458 2178 venu-

333 2209 435 2274 statis.

418 2305 508 2383 Quae
531 2325 601 2369 cum
624 2305 774 2384 desint,
805 2299 956 2384 quoniam
983 2324 1019 2364 oe
1040 2303 1235 2367 intensivum
1258 2306 1350 2370 nulla
1371 2311 1458 2372 certa

333 2404 522 2468 auctoritate
550 2401 676 2480 nititur,
710 2400 814 2464 altera
841 2398 1030 2480 significatio
1059 2401 1129 2465 sola
1158 2401 1245 2466 valet
1273 2422 1357 2483 quae
1385 2423 1457 2468 oon·

237 2494 241 2505 '
333 2502 432 2565 traria
454 2519 525 2565 esse
547 2498 674 2562 videtur
695 2496 752 2561 sed
781 2515 839 2560 neo
862 2495 1072 2578 depravativa
1095 2504 1142 2562 est
1168 2517 1228 2563 nec
1251 2498 1456 2564 deminutiva.

339 2598 381 2659 Ve
404 2596 488 2661 enim
511 2601 545 2659 ut
570 2595 641 2677 jam
670 2612 768 2675 supra
791 2593 970 2674 expositum
993 2600 1042 2659 est
1071 2596 1307 2678 separationem
1337 2596 1458 2661 indicat

333 2694 403 2775 ejus
424 2694 471 2757 rei
494 2692 548 2757 vel
570 2692 611 2755 ab
635 2710 672 2755 eo
699 2692 784 2772 quod
810 2693 985 2774 pedisequo
1007 2692 1136 2755 nomine
1159 2693 1355 2775 exprimitur.
1405 2694 1457 2759 Sic

333 2810 462 2851 vesanos
491 2796 539 2853 est
567 2788 617 2851 oui
646 2789 767 2853 sanitas
794 2789 893 2865 deest,
924 2809 1032 2851 uecors
1053 2788 1103 2853 cui
1126 2808 1189 2868 cor,
1218 2791 1386 2871 oeproodrs
1408 2790 1456 2855 cui

332 2886 519 2969 amplitudo,
543 2886 652 2968 paullo
674 2886 768 2950 aliter
789 2907 894 2948 vesone
910 2887 1026 2967 estqui
1048 2886 1215 2967 paullatim
1240 2886 1324 2963 „de“
1347 2888 1457 2969 aliqua

332 3003 367 3047 re
389 2983 455 3049 edit
479 2984 530 3047 vel
553 2982 638 3060 „de“
661 3002 722 3064 quo
752 2983 855 3048 editur
885 2984 935 3059 (oi.
959 2986 1082 3064 supra),
1111 2982 1291 3045 rrestr'boloro
1313 2991 1349 3047 ut
1370 2991 1456 3049 recte

332 3081 528 3146 Ribbeokius
549 3080 776 3162 interpretatur
804 3088 852 3145 est
881 3082 969 3145 locus
990 3087 1157 3161 separatus
1177 3087 1253 3145 ante
1274 3080 1374 3146 aedes
1397 3100 1456 3146 neo

331 3178 576 3244 confundendus
605 3198 676 3243 cum
704 3176 775 3259 ipso
805 3178 929 3242 stabulo
957 3177 1011 3241 ubi
1036 3184 1270 3240 commorantur
1297 3177 1454 3271 homines,

331 3278 491 3359 oostiqr'nor
533 3281 581 3341 est
619 3295 734 3357 passus
776 3282 943 3358 separatus
981 3274 1034 3338 vel
1077 3274 1183 3355 potius
1220 3274 1313 3356 pedis
1352 3276 1454 3339 torma

331 3391 473 3438 seorsum
497 3391 665 3455 expressa,
696 3370 853 3455 Vedrjoois
876 3370 1014 3451 denique
1037 3370 1196 3448 (Veiioors,
1226 3371 1352 3446 Vedios)
1376 3371 1454 3437 deus

333 3476 381 3535 est
403 3470 443 3534 ab
467 3471 537 3551 ipso
559 3469 642 3534 Jove
664 3468 880 3550 separandus,
913 3468 966 3549 qui
989 3487 1052 3530 non
1081 3467 1115 3531 in
1138 3467 1288 3550 capitolio
1311 3487 1383 3532 oum
1406 3488 1453 3533 ee-

332 3566 408 3631 teris
433 3565 493 3630 diis
512 3565 569 3630 sed
592 3566 765 3648 separatim
788 3566 900 3629 colitur
922 3564 1005 3628 inter
1027 3563 1107 3629 duos
1128 3565 1227 3628 lucos.
1257 3565 1347 3629 Haec
1369 3572 1453 3630 certe

333 3662 505 3745 explicatio
534 3662 746 3745 praeferenda
768 3661 893 3727 videtur
922 3661 1108 3725 commentis
1130 3667 1272 3726 veterum
1300 3661 1454 3745 interpre

332 3766 415 3836 tum,
446 3758 484 3822 of.
509 3758 592 3823 Gell.
615 3759 635 3823 l.
659 3760 691 3840 1.,
717 3757 811 3824 Ovid.
834 3758 906 3824 fast.
929 3758 980 3821 Ill
1002 3761 1074 3821 430.
1124 3757 1174 3820 Ab
1198 3757 1247 3821 his
1269 3766 1378 3824 autem
1402 3779 1453 3823 vo·

332 3856 453 3920 oabulis
476 3854 603 3921 diversa
625 3863 699 3921 sunt
721 3857 836 3933 vesica,
865 3876 973 3937 respo,
1003 3854 1131 3936 vespillo
1154 3873 1286 3935 quorum
1308 3855 1392 3920 illud
1413 3856 1454 3920 ad

332 3972 401 4029 vos,
434 3953 517 4014 oosr’s
553 3953 671 4033 refero,
708 3953 789 4017 haec
820 3952 934 4034 probat
969 3952 1119 4035 Zeyssius
1152 3951 1184 4014 in
1217 3951 1341 4014 Kuhnii
1374 3952 1455 4017 diar.

332 4048 414 4112 XIX
440 4053 499 4114 178
528 4069 548 4113 a
570 4072 605 4111 oe
627 4050 785 4132 particula
807 4068 871 4111 non
894 4048 1045 4131 incipere.

414 4146 566 4227 Superest
603 4155 637 4211 ut
677 4146 717 4210 de
758 4145 879 4226 origine
915 4144 1049 4227 praefixi
1087 4164 1123 4205 oe
1156 4163 1259 4227 pauca
1295 4143 1456 4209 addamus

331 4260 414 4323 quae
442 4242 559 4325 tripliei
590 4245 715 4309 ratione
743 4241 929 4323 explicatur.
987 4242 1029 4303 Ve
1052 4242 1137 4307 enim
1165 4240 1251 4306 idem
1274 4260 1347 4307 esse
1370 4241 1455 4324 quod
